gold_id,base_date,currency_code,item_name,price_krw,weight_kg,price_per_gram,price_per_ounce,price_per_kilogram,created_at,updated_at,deleted_at,deleted_yn
1,"2020-01-02",KRW,미니금 100g,57020,0.1000,570.2000,18332.3420,57020.0000,"2025-05-19 14:59:17","2025-05-19 14:59:17",NULL,N
2,"2020-01-03",KRW,미니금 100g,58030,0.1000,580.3000,18657.0643,58030.0000,"2025-05-19 14:59:17","2025-05-19 14:59:17",NULL,N
3,"2020-01-06",KRW,미니금 100g,59490,0.1000,594.9000,19126.4649,59490.0000,"2025-05-19 14:59:17","2025-05-19 14:59:17",NULL,N
4,"2020-01-07",KRW,미니금 100g,59000,0.1000,590.0000,18968.9263,59000.0000,"2025-05-19 14:59:17","2025-05-19 14:59:17",NULL,N
5,"2020-01-08",KRW,미니금 100g,60020,0.1000,600.2000,19296.8637,60020.0000,"2025-05-19 14:59:17","2025-05-19 14:59:17",NULL,N
6,"2020-01-09",KRW,미니금 100g,58050,0.1000,580.5000,18663.4945,58050.0000,"2025-05-19 14:59:17","2025-05-19 14:59:17",NULL,N
7,"2020-01-10",KRW,미니금 100g,58000,0.1000,580.0000,18647.4191,58000.0000,"2025-05-19 14:59:17","2025-05-19 14:59:17",NULL,N
8,"2020-01-13",KRW,미니금 100g,58010,0.1000,580.1000,18650.6342,58010.0000,"2025-05-19 14:59:17","2025-05-19 14:59:17",NULL,N
9,"2020-01-14",KRW,미니금 100g,57600,0.1000,576.0000,18518.8162,57600.0000,"2025-05-19 14:59:17","2025-05-19 14:59:17",NULL,N
10,"2020-01-15",KRW,미니금 100g,57990,0.1000,579.9000,18644.2040,57990.0000,"2025-05-19 14:59:17","2025-05-19 14:59:17",NULL,N
11,"2020-01-16",KRW,미니금 100g,58020,0.1000,580.2000,18653.8492,58020.0000,"2025-05-19 14:59:17","2025-05-19 14:59:17",NULL,N
12,"2020-01-17",KRW,미니금 100g,58070,0.1000,580.7000,18669.9246,58070.0000,"2025-05-19 14:59:17","2025-05-19 14:59:17",NULL,N
13,"2020-01-20",KRW,미니금 100g,58350,0.1000,583.5000,18759.9466,58350.0000,"2025-05-19 14:59:17","2025-05-19 14:59:17",NULL,N
14,"2020-01-21",KRW,미니금 100g,58850,0.1000,588.5000,18920.7002,58850.0000,"2025-05-19 14:59:17","2025-05-19 14:59:17",NULL,N
15,"2020-01-22",KRW,미니금 100g,58340,0.1000,583.4000,18756.7316,58340.0000,"2025-05-19 14:59:17","2025-05-19 14:59:17",NULL,N
16,"2020-01-23",KRW,미니금 100g,58730,0.1000,587.3000,18882.1194,58730.0000,"2025-05-19 14:59:17","2025-05-19 14:59:17",NULL,N
17,"2020-01-28",KRW,미니금 100g,59710,0.1000,597.1000,19197.1965,59710.0000,"2025-05-19 14:59:17","2025-05-19 14:59:17",NULL,N
18,"2020-01-29",KRW,미니금 100g,59200,0.1000,592.0000,19033.2278,59200.0000,"2025-05-19 14:59:17","2025-05-19 14:59:17",NULL,N
19,"2020-01-30",KRW,미니금 100g,60000,0.1000,600.0000,19290.4336,60000.0000,"2025-05-19 14:59:17","2025-05-19 14:59:17",NULL,N
20,"2020-01-31",KRW,미니금 100g,60240,0.1000,602.4000,19367.5953,60240.0000,"2025-05-19 14:59:17","2025-05-19 14:59:17",NULL,N
21,"2020-02-03",KRW,미니금 100g,60570,0.1000,605.7000,19473.6927,60570.0000,"2025-05-19 14:59:17","2025-05-19 14:59:17",NULL,N
22,"2020-02-04",KRW,미니금 100g,60160,0.1000,601.6000,19341.8747,60160.0000,"2025-05-19 14:59:17","2025-05-19 14:59:17",NULL,N
23,"2020-02-05",KRW,미니금 100g,59570,0.1000,595.7000,19152.1854,59570.0000,"2025-05-19 14:59:17","2025-05-19 14:59:17",NULL,N
24,"2020-02-06",KRW,미니금 100g,59050,0.1000,590.5000,18985.0017,59050.0000,"2025-05-19 14:59:17","2025-05-19 14:59:17",NULL,N
25,"2020-02-07",KRW,미니금 100g,59680,0.1000,596.8000,19187.5512,59680.0000,"2025-05-19 14:59:17","2025-05-19 14:59:17",NULL,N
26,"2020-02-10",KRW,미니금 100g,59940,0.1000,599.4000,19271.1431,59940.0000,"2025-05-19 14:59:17","2025-05-19 14:59:17",NULL,N
27,"2020-02-11",KRW,미니금 100g,59600,0.1000,596.0000,19161.8307,59600.0000,"2025-05-19 14:59:17","2025-05-19 14:59:17",NULL,N
28,"2020-02-12",KRW,미니금 100g,59310,0.1000,593.1000,19068.5936,59310.0000,"2025-05-19 14:59:17","2025-05-19 14:59:17",NULL,N
29,"2020-02-13",KRW,미니금 100g,59810,0.1000,598.1000,19229.3472,59810.0000,"2025-05-19 14:59:17","2025-05-19 14:59:17",NULL,N
30,"2020-02-14",KRW,미니금 100g,60050,0.1000,600.5000,19306.5089,60050.0000,"2025-05-19 14:59:17","2025-05-19 14:59:17",NULL,N
31,"2020-02-17",KRW,미니금 100g,60110,0.1000,601.1000,19325.7993,60110.0000,"2025-05-19 14:59:17","2025-05-19 14:59:17",NULL,N
32,"2020-02-18",KRW,미니금 100g,60500,0.1000,605.0000,19451.1872,60500.0000,"2025-05-19 14:59:17","2025-05-19 14:59:17",NULL,N
33,"2020-02-19",KRW,미니금 100g,60000,0.1000,600.0000,19290.4336,60000.0000,"2025-05-19 14:59:17","2025-05-19 14:59:17",NULL,N
34,"2020-02-20",KRW,미니금 100g,61450,0.1000,614.5000,19756.6190,61450.0000,"2025-05-19 14:59:17","2025-05-19 14:59:17",NULL,N
35,"2020-02-21",KRW,미니금 100g,62650,0.1000,626.5000,20142.4277,62650.0000,"2025-05-19 14:59:17","2025-05-19 14:59:17",NULL,N
36,"2020-02-24",KRW,미니금 100g,64500,0.1000,645.0000,20737.2161,64500.0000,"2025-05-19 14:59:17","2025-05-19 14:59:17",NULL,N
37,"2020-02-25",KRW,미니금 100g,63200,0.1000,632.0000,20319.2567,63200.0000,"2025-05-19 14:59:17","2025-05-19 14:59:17",NULL,N
38,"2020-02-26",KRW,미니금 100g,63250,0.1000,632.5000,20335.3320,63250.0000,"2025-05-19 14:59:17","2025-05-19 14:59:17",NULL,N
39,"2020-02-27",KRW,미니금 100g,63220,0.1000,632.2000,20325.6868,63220.0000,"2025-05-19 14:59:17","2025-05-19 14:59:17",NULL,N
40,"2020-02-28",KRW,미니금 100g,63100,0.1000,631.0000,20287.1060,63100.0000,"2025-05-19 14:59:17","2025-05-19 14:59:17",NULL,N
41,"2020-03-02",KRW,미니금 100g,61200,0.1000,612.0000,19676.2422,61200.0000,"2025-05-19 14:59:17","2025-05-19 14:59:17",NULL,N
42,"2020-03-03",KRW,미니금 100g,61120,0.1000,611.2000,19650.5216,61120.0000,"2025-05-19 14:59:17","2025-05-19 14:59:17",NULL,N
43,"2020-03-04",KRW,미니금 100g,62410,0.1000,624.1000,20065.2660,62410.0000,"2025-05-19 14:59:17","2025-05-19 14:59:17",NULL,N
44,"2020-03-05",KRW,미니금 100g,62200,0.1000,622.0000,19997.7494,62200.0000,"2025-05-19 14:59:17","2025-05-19 14:59:17",NULL,N
45,"2020-03-06",KRW,미니금 100g,63880,0.1000,638.8000,20537.8816,63880.0000,"2025-05-19 14:59:17","2025-05-19 14:59:17",NULL,N
46,"2020-03-09",KRW,미니금 100g,64000,0.1000,640.0000,20576.4625,64000.0000,"2025-05-19 14:59:17","2025-05-19 14:59:17",NULL,N
47,"2020-03-10",KRW,미니금 100g,63450,0.1000,634.5000,20399.6335,63450.0000,"2025-05-19 14:59:17","2025-05-19 14:59:17",NULL,N
48,"2020-03-11",KRW,미니금 100g,63830,0.1000,638.3000,20521.8062,63830.0000,"2025-05-19 14:59:17","2025-05-19 14:59:17",NULL,N
49,"2020-03-12",KRW,미니금 100g,63040,0.1000,630.4000,20267.8155,63040.0000,"2025-05-19 14:59:17","2025-05-19 14:59:17",NULL,N
50,"2020-03-13",KRW,미니금 100g,62120,0.1000,621.2000,19972.0289,62120.0000,"2025-05-19 14:59:17","2025-05-19 14:59:17",NULL,N
51,"2020-03-16",KRW,미니금 100g,60950,0.1000,609.5000,19595.8654,60950.0000,"2025-05-19 14:59:17","2025-05-19 14:59:17",NULL,N
52,"2020-03-17",KRW,미니금 100g,59600,0.1000,596.0000,19161.8307,59600.0000,"2025-05-19 14:59:17","2025-05-19 14:59:17",NULL,N
53,"2020-03-18",KRW,미니금 100g,60700,0.1000,607.0000,19515.4886,60700.0000,"2025-05-19 14:59:17","2025-05-19 14:59:17",NULL,N
54,"2020-03-19",KRW,미니금 100g,60110,0.1000,601.1000,19325.7993,60110.0000,"2025-05-19 14:59:17","2025-05-19 14:59:17",NULL,N
55,"2020-03-20",KRW,미니금 100g,59830,0.1000,598.3000,19235.7773,59830.0000,"2025-05-19 14:59:17","2025-05-19 14:59:17",NULL,N
56,"2020-03-23",KRW,미니금 100g,60990,0.1000,609.9000,19608.7257,60990.0000,"2025-05-19 14:59:17","2025-05-19 14:59:17",NULL,N
57,"2020-03-24",KRW,미니금 100g,63200,0.1000,632.0000,20319.2567,63200.0000,"2025-05-19 14:59:17","2025-05-19 14:59:17",NULL,N
58,"2020-03-25",KRW,미니금 100g,64260,0.1000,642.6000,20660.0543,64260.0000,"2025-05-19 14:59:17","2025-05-19 14:59:17",NULL,N
59,"2020-03-26",KRW,미니금 100g,63480,0.1000,634.8000,20409.2787,63480.0000,"2025-05-19 14:59:17","2025-05-19 14:59:17",NULL,N
60,"2020-03-27",KRW,미니금 100g,63920,0.1000,639.2000,20550.7419,63920.0000,"2025-05-19 14:59:17","2025-05-19 14:59:17",NULL,N
61,"2020-03-30",KRW,미니금 100g,64100,0.1000,641.0000,20608.6132,64100.0000,"2025-05-19 14:59:17","2025-05-19 14:59:17",NULL,N
62,"2020-03-31",KRW,미니금 100g,63850,0.1000,638.5000,20528.2364,63850.0000,"2025-05-19 14:59:17","2025-05-19 14:59:17",NULL,N
63,"2020-04-01",KRW,미니금 100g,63010,0.1000,630.1000,20258.1703,63010.0000,"2025-05-19 14:59:17","2025-05-19 14:59:17",NULL,N
64,"2020-04-02",KRW,미니금 100g,63280,0.1000,632.8000,20344.9773,63280.0000,"2025-05-19 14:59:17","2025-05-19 14:59:17",NULL,N
65,"2020-04-03",KRW,미니금 100g,64100,0.1000,641.0000,20608.6132,64100.0000,"2025-05-19 14:59:17","2025-05-19 14:59:17",NULL,N
66,"2020-04-06",KRW,미니금 100g,64100,0.1000,641.0000,20608.6132,64100.0000,"2025-05-19 14:59:17","2025-05-19 14:59:17",NULL,N
67,"2020-04-07",KRW,미니금 100g,65290,0.1000,652.9000,20991.2068,65290.0000,"2025-05-19 14:59:17","2025-05-19 14:59:17",NULL,N
68,"2020-04-08",KRW,미니금 100g,64530,0.1000,645.3000,20746.8613,64530.0000,"2025-05-19 14:59:17","2025-05-19 14:59:17",NULL,N
69,"2020-04-09",KRW,미니금 100g,64600,0.1000,646.0000,20769.3668,64600.0000,"2025-05-19 14:59:17","2025-05-19 14:59:17",NULL,N
70,"2020-04-10",KRW,미니금 100g,65800,0.1000,658.0000,21155.1755,65800.0000,"2025-05-19 14:59:17","2025-05-19 14:59:17",NULL,N
71,"2020-04-13",KRW,미니금 100g,66600,0.1000,666.0000,21412.3812,66600.0000,"2025-05-19 14:59:17","2025-05-19 14:59:17",NULL,N
72,"2020-04-14",KRW,미니금 100g,67800,0.1000,678.0000,21798.1899,67800.0000,"2025-05-19 14:59:17","2025-05-19 14:59:17",NULL,N
73,"2020-04-16",KRW,미니금 100g,68030,0.1000,680.3000,21872.1366,68030.0000,"2025-05-19 14:59:17","2025-05-19 14:59:17",NULL,N
74,"2020-04-17",KRW,미니금 100g,66300,0.1000,663.0000,21315.9291,66300.0000,"2025-05-19 14:59:17","2025-05-19 14:59:17",NULL,N
75,"2020-04-20",KRW,미니금 100g,66240,0.1000,662.4000,21296.6386,66240.0000,"2025-05-19 14:59:17","2025-05-19 14:59:17",NULL,N
76,"2020-04-21",KRW,미니금 100g,67030,0.1000,670.3000,21550.6294,67030.0000,"2025-05-19 14:59:17","2025-05-19 14:59:17",NULL,N
77,"2020-04-22",KRW,미니금 100g,67220,0.1000,672.2000,21611.7157,67220.0000,"2025-05-19 14:59:17","2025-05-19 14:59:17",NULL,N
78,"2020-04-23",KRW,미니금 100g,68220,0.1000,682.2000,21933.2229,68220.0000,"2025-05-19 14:59:17","2025-05-19 14:59:17",NULL,N
79,"2020-04-24",KRW,미니금 100g,68790,0.1000,687.9000,22116.4821,68790.0000,"2025-05-19 14:59:17","2025-05-19 14:59:17",NULL,N
80,"2020-04-27",KRW,미니금 100g,68400,0.1000,684.0000,21991.0942,68400.0000,"2025-05-19 14:59:17","2025-05-19 14:59:17",NULL,N
81,"2020-04-28",KRW,미니금 100g,67490,0.1000,674.9000,21698.5227,67490.0000,"2025-05-19 14:59:17","2025-05-19 14:59:17",NULL,N
82,"2020-04-29",KRW,미니금 100g,67500,0.1000,675.0000,21701.7377,67500.0000,"2025-05-19 14:59:17","2025-05-19 14:59:17",NULL,N
83,"2020-05-04",KRW,미니금 100g,68000,0.1000,680.0000,21862.4914,68000.0000,"2025-05-19 14:59:17","2025-05-19 14:59:17",NULL,N
84,"2020-05-06",KRW,미니금 100g,67400,0.1000,674.0000,21669.5870,67400.0000,"2025-05-19 14:59:17","2025-05-19 14:59:17",NULL,N
85,"2020-05-07",KRW,미니금 100g,66740,0.1000,667.4000,21457.3923,66740.0000,"2025-05-19 14:59:17","2025-05-19 14:59:17",NULL,N
86,"2020-05-08",KRW,미니금 100g,67510,0.1000,675.1000,21704.9528,67510.0000,"2025-05-19 14:59:17","2025-05-19 14:59:17",NULL,N
87,"2020-05-11",KRW,미니금 100g,67140,0.1000,671.4000,21585.9951,67140.0000,"2025-05-19 14:59:17","2025-05-19 14:59:17",NULL,N
88,"2020-05-12",KRW,미니금 100g,67370,0.1000,673.7000,21659.9418,67370.0000,"2025-05-19 14:59:17","2025-05-19 14:59:17",NULL,N
89,"2020-05-13",KRW,미니금 100g,67050,0.1000,670.5000,21557.0595,67050.0000,"2025-05-19 14:59:17","2025-05-19 14:59:17",NULL,N
90,"2020-05-14",KRW,미니금 100g,67720,0.1000,677.2000,21772.4693,67720.0000,"2025-05-19 14:59:17","2025-05-19 14:59:17",NULL,N
91,"2020-05-15",KRW,미니금 100g,68770,0.1000,687.7000,22110.0519,68770.0000,"2025-05-19 14:59:17","2025-05-19 14:59:17",NULL,N
92,"2020-05-18",KRW,미니금 100g,69900,0.1000,699.0000,22473.3551,69900.0000,"2025-05-19 14:59:17","2025-05-19 14:59:17",NULL,N
93,"2020-05-19",KRW,미니금 100g,68590,0.1000,685.9000,22052.1806,68590.0000,"2025-05-19 14:59:17","2025-05-19 14:59:17",NULL,N
94,"2020-05-20",KRW,미니금 100g,69220,0.1000,692.2000,22254.7302,69220.0000,"2025-05-19 14:59:17","2025-05-19 14:59:17",NULL,N
95,"2020-05-21",KRW,미니금 100g,69240,0.1000,692.4000,22261.1603,69240.0000,"2025-05-19 14:59:17","2025-05-19 14:59:17",NULL,N
96,"2020-05-22",KRW,미니금 100g,69200,0.1000,692.0000,22248.3000,69200.0000,"2025-05-19 14:59:17","2025-05-19 14:59:17",NULL,N
97,"2020-05-25",KRW,미니금 100g,69700,0.1000,697.0000,22409.0536,69700.0000,"2025-05-19 14:59:17","2025-05-19 14:59:17",NULL,N
98,"2020-05-26",KRW,미니금 100g,69410,0.1000,694.1000,22315.8165,69410.0000,"2025-05-19 14:59:17","2025-05-19 14:59:17",NULL,N
99,"2020-05-27",KRW,미니금 100g,68460,0.1000,684.6000,22010.3847,68460.0000,"2025-05-19 14:59:17","2025-05-19 14:59:17",NULL,N
100,"2020-05-28",KRW,미니금 100g,68900,0.1000,689.0000,22151.8479,68900.0000,"2025-05-19 14:59:17","2025-05-19 14:59:17",NULL,N
101,"2020-05-29",KRW,미니금 100g,68900,0.1000,689.0000,22151.8479,68900.0000,"2025-05-19 14:59:17","2025-05-19 14:59:17",NULL,N
102,"2020-06-01",KRW,미니금 100g,69330,0.1000,693.3000,22290.0960,69330.0000,"2025-05-19 14:59:17","2025-05-19 14:59:17",NULL,N
103,"2020-06-02",KRW,미니금 100g,68920,0.1000,689.2000,22158.2780,68920.0000,"2025-05-19 14:59:17","2025-05-19 14:59:17",NULL,N
104,"2020-06-03",KRW,미니금 100g,68030,0.1000,680.3000,21872.1366,68030.0000,"2025-05-19 14:59:17","2025-05-19 14:59:17",NULL,N
105,"2020-06-04",KRW,미니금 100g,67430,0.1000,674.3000,21679.2322,67430.0000,"2025-05-19 14:59:17","2025-05-19 14:59:17",NULL,N
106,"2020-06-05",KRW,미니금 100g,67980,0.1000,679.8000,21856.0612,67980.0000,"2025-05-19 14:59:17","2025-05-19 14:59:17",NULL,N
107,"2020-06-08",KRW,미니금 100g,66300,0.1000,663.0000,21315.9291,66300.0000,"2025-05-19 14:59:17","2025-05-19 14:59:17",NULL,N
108,"2020-06-09",KRW,미니금 100g,66700,0.1000,667.0000,21444.5320,66700.0000,"2025-05-19 14:59:17","2025-05-19 14:59:17",NULL,N
109,"2020-06-10",KRW,미니금 100g,67100,0.1000,671.0000,21573.1349,67100.0000,"2025-05-19 14:59:17","2025-05-19 14:59:17",NULL,N
110,"2020-06-11",KRW,미니금 100g,67980,0.1000,679.8000,21856.0612,67980.0000,"2025-05-19 14:59:17","2025-05-19 14:59:17",NULL,N
111,"2020-06-12",KRW,미니금 100g,68030,0.1000,680.3000,21872.1366,68030.0000,"2025-05-19 14:59:17","2025-05-19 14:59:17",NULL,N
112,"2020-06-15",KRW,미니금 100g,68100,0.1000,681.0000,21894.6421,68100.0000,"2025-05-19 14:59:17","2025-05-19 14:59:17",NULL,N
113,"2020-06-16",KRW,미니금 100g,67870,0.1000,678.7000,21820.6954,67870.0000,"2025-05-19 14:59:17","2025-05-19 14:59:17",NULL,N
114,"2020-06-17",KRW,미니금 100g,68000,0.1000,680.0000,21862.4914,68000.0000,"2025-05-19 14:59:17","2025-05-19 14:59:17",NULL,N
115,"2020-06-18",KRW,미니금 100g,67800,0.1000,678.0000,21798.1899,67800.0000,"2025-05-19 14:59:17","2025-05-19 14:59:17",NULL,N
116,"2020-06-19",KRW,미니금 100g,67850,0.1000,678.5000,21814.2653,67850.0000,"2025-05-19 14:59:17","2025-05-19 14:59:17",NULL,N
117,"2020-06-22",KRW,미니금 100g,68990,0.1000,689.9000,22180.7835,68990.0000,"2025-05-19 14:59:17","2025-05-19 14:59:17",NULL,N
118,"2020-06-23",KRW,미니금 100g,68510,0.1000,685.1000,22026.4600,68510.0000,"2025-05-19 14:59:17","2025-05-19 14:59:17",NULL,N
119,"2020-06-24",KRW,미니금 100g,68830,0.1000,688.3000,22129.3424,68830.0000,"2025-05-19 14:59:17","2025-05-19 14:59:17",NULL,N
120,"2020-06-25",KRW,미니금 100g,68600,0.1000,686.0000,22055.3957,68600.0000,"2025-05-19 14:59:17","2025-05-19 14:59:17",NULL,N
121,"2020-06-26",KRW,미니금 100g,68400,0.1000,684.0000,21991.0942,68400.0000,"2025-05-19 14:59:17","2025-05-19 14:59:17",NULL,N
122,"2020-06-29",KRW,미니금 100g,68750,0.1000,687.5000,22103.6218,68750.0000,"2025-05-19 14:59:17","2025-05-19 14:59:17",NULL,N
123,"2020-06-30",KRW,미니금 100g,68790,0.1000,687.9000,22116.4821,68790.0000,"2025-05-19 14:59:17","2025-05-19 14:59:17",NULL,N
124,"2020-07-01",KRW,미니금 100g,69520,0.1000,695.2000,22351.1823,69520.0000,"2025-05-19 14:59:17","2025-05-19 14:59:17",NULL,N
125,"2020-07-02",KRW,미니금 100g,68700,0.1000,687.0000,22087.5464,68700.0000,"2025-05-19 14:59:17","2025-05-19 14:59:17",NULL,N
126,"2020-07-03",KRW,미니금 100g,69000,0.1000,690.0000,22183.9986,69000.0000,"2025-05-19 14:59:17","2025-05-19 14:59:17",NULL,N
127,"2020-07-06",KRW,미니금 100g,68780,0.1000,687.8000,22113.2670,68780.0000,"2025-05-19 14:59:17","2025-05-19 14:59:17",NULL,N
128,"2020-07-07",KRW,미니금 100g,68850,0.1000,688.5000,22135.7725,68850.0000,"2025-05-19 14:59:17","2025-05-19 14:59:17",NULL,N
129,"2020-07-08",KRW,미니금 100g,69330,0.1000,693.3000,22290.0960,69330.0000,"2025-05-19 14:59:17","2025-05-19 14:59:17",NULL,N
130,"2020-07-09",KRW,미니금 100g,70050,0.1000,700.5000,22521.5812,70050.0000,"2025-05-19 14:59:17","2025-05-19 14:59:17",NULL,N
131,"2020-07-10",KRW,미니금 100g,69830,0.1000,698.3000,22450.8496,69830.0000,"2025-05-19 14:59:17","2025-05-19 14:59:17",NULL,N
132,"2020-07-13",KRW,미니금 100g,69980,0.1000,699.8000,22499.0757,69980.0000,"2025-05-19 14:59:17","2025-05-19 14:59:17",NULL,N
133,"2020-07-14",KRW,미니금 100g,70200,0.1000,702.0000,22569.8073,70200.0000,"2025-05-19 14:59:17","2025-05-19 14:59:17",NULL,N
134,"2020-07-15",KRW,미니금 100g,70180,0.1000,701.8000,22563.3771,70180.0000,"2025-05-19 14:59:17","2025-05-19 14:59:17",NULL,N
135,"2020-07-16",KRW,미니금 100g,70490,0.1000,704.9000,22663.0444,70490.0000,"2025-05-19 14:59:17","2025-05-19 14:59:17",NULL,N
136,"2020-07-17",KRW,미니금 100g,70250,0.1000,702.5000,22585.8826,70250.0000,"2025-05-19 14:59:17","2025-05-19 14:59:17",NULL,N
137,"2020-07-20",KRW,미니금 100g,70400,0.1000,704.0000,22634.1087,70400.0000,"2025-05-19 14:59:17","2025-05-19 14:59:17",NULL,N
138,"2020-07-21",KRW,미니금 100g,70410,0.1000,704.1000,22637.3238,70410.0000,"2025-05-19 14:59:17","2025-05-19 14:59:17",NULL,N
139,"2020-07-22",KRW,미니금 100g,71890,0.1000,718.9000,23113.1545,71890.0000,"2025-05-19 14:59:17","2025-05-19 14:59:17",NULL,N
140,"2020-07-23",KRW,미니금 100g,72610,0.1000,726.1000,23344.6397,72610.0000,"2025-05-19 14:59:17","2025-05-19 14:59:17",NULL,N
141,"2020-07-24",KRW,미니금 100g,73740,0.1000,737.4000,23707.9428,73740.0000,"2025-05-19 14:59:17","2025-05-19 14:59:17",NULL,N
142,"2020-07-27",KRW,미니금 100g,77500,0.1000,775.0000,24916.8100,77500.0000,"2025-05-19 14:59:17","2025-05-19 14:59:17",NULL,N
143,"2020-07-28",KRW,미니금 100g,80640,0.1000,806.4000,25926.3427,80640.0000,"2025-05-19 14:59:17","2025-05-19 14:59:17",NULL,N
144,"2020-07-29",KRW,미니금 100g,79010,0.1000,790.1000,25402.2859,79010.0000,"2025-05-19 14:59:17","2025-05-19 14:59:17",NULL,N
145,"2020-07-30",KRW,미니금 100g,79970,0.1000,799.7000,25710.9329,79970.0000,"2025-05-19 14:59:17","2025-05-19 14:59:17",NULL,N
146,"2020-07-31",KRW,미니금 100g,78500,0.1000,785.0000,25238.3172,78500.0000,"2025-05-19 14:59:17","2025-05-19 14:59:17",NULL,N
147,"2020-08-03",KRW,미니금 100g,78760,0.1000,787.6000,25321.9091,78760.0000,"2025-05-19 14:59:17","2025-05-19 14:59:17",NULL,N
148,"2020-08-04",KRW,미니금 100g,77740,0.1000,777.4000,24993.9717,77740.0000,"2025-05-19 14:59:17","2025-05-19 14:59:17",NULL,N
149,"2020-08-05",KRW,미니금 100g,78900,0.1000,789.0000,25366.9201,78900.0000,"2025-05-19 14:59:17","2025-05-19 14:59:17",NULL,N
150,"2020-08-06",KRW,미니금 100g,79500,0.1000,795.0000,25559.8245,79500.0000,"2025-05-19 14:59:17","2025-05-19 14:59:17",NULL,N
151,"2020-08-07",KRW,미니금 100g,80020,0.1000,800.2000,25727.0082,80020.0000,"2025-05-19 14:59:17","2025-05-19 14:59:17",NULL,N
152,"2020-08-10",KRW,미니금 100g,79000,0.1000,790.0000,25399.0708,79000.0000,"2025-05-19 14:59:17","2025-05-19 14:59:17",NULL,N
153,"2020-08-11",KRW,미니금 100g,77800,0.1000,778.0000,25013.2622,77800.0000,"2025-05-19 14:59:17","2025-05-19 14:59:17",NULL,N
154,"2020-08-12",KRW,미니금 100g,73000,0.1000,730.0000,23470.0275,73000.0000,"2025-05-19 14:59:17","2025-05-19 14:59:17",NULL,N
155,"2020-08-13",KRW,미니금 100g,74480,0.1000,744.8000,23945.8582,74480.0000,"2025-05-19 14:59:17","2025-05-19 14:59:17",NULL,N
156,"2020-08-14",KRW,미니금 100g,75450,0.1000,754.5000,24257.7202,75450.0000,"2025-05-19 14:59:17","2025-05-19 14:59:17",NULL,N
157,"2020-08-18",KRW,미니금 100g,77050,0.1000,770.5000,24772.1318,77050.0000,"2025-05-19 14:59:17","2025-05-19 14:59:17",NULL,N
158,"2020-08-19",KRW,미니금 100g,76630,0.1000,766.3000,24637.0987,76630.0000,"2025-05-19 14:59:17","2025-05-19 14:59:17",NULL,N
159,"2020-08-20",KRW,미니금 100g,75290,0.1000,752.9000,24206.2790,75290.0000,"2025-05-19 14:59:17","2025-05-19 14:59:17",NULL,N
160,"2020-08-21",KRW,미니금 100g,74870,0.1000,748.7000,24071.2460,74870.0000,"2025-05-19 14:59:17","2025-05-19 14:59:17",NULL,N
161,"2020-08-24",KRW,미니금 100g,74760,0.1000,747.6000,24035.8802,74760.0000,"2025-05-19 14:59:17","2025-05-19 14:59:17",NULL,N
162,"2020-08-25",KRW,미니금 100g,74170,0.1000,741.7000,23846.1909,74170.0000,"2025-05-19 14:59:17","2025-05-19 14:59:17",NULL,N
163,"2020-08-26",KRW,미니금 100g,73950,0.1000,739.5000,23775.4594,73950.0000,"2025-05-19 14:59:17","2025-05-19 14:59:17",NULL,N
164,"2020-08-27",KRW,미니금 100g,74500,0.1000,745.0000,23952.2883,74500.0000,"2025-05-19 14:59:17","2025-05-19 14:59:17",NULL,N
165,"2020-08-28",KRW,미니금 100g,74530,0.1000,745.3000,23961.9335,74530.0000,"2025-05-19 14:59:17","2025-05-19 14:59:17",NULL,N
166,"2020-08-31",KRW,미니금 100g,75420,0.1000,754.2000,24248.0750,75420.0000,"2025-05-19 14:59:17","2025-05-19 14:59:17",NULL,N
167,"2020-09-01",KRW,미니금 100g,75880,0.1000,758.8000,24395.9683,75880.0000,"2025-05-19 14:59:17","2025-05-19 14:59:17",NULL,N
168,"2020-09-02",KRW,미니금 100g,75590,0.1000,755.9000,24302.7312,75590.0000,"2025-05-19 14:59:17","2025-05-19 14:59:17",NULL,N
169,"2020-09-03",KRW,미니금 100g,74600,0.1000,746.0000,23984.4391,74600.0000,"2025-05-19 14:59:17","2025-05-19 14:59:17",NULL,N
170,"2020-09-04",KRW,미니금 100g,74790,0.1000,747.9000,24045.5254,74790.0000,"2025-05-19 14:59:17","2025-05-19 14:59:17",NULL,N
171,"2020-09-07",KRW,미니금 100g,74550,0.1000,745.5000,23968.3637,74550.0000,"2025-05-19 14:59:17","2025-05-19 14:59:17",NULL,N
172,"2020-09-08",KRW,미니금 100g,74290,0.1000,742.9000,23884.7718,74290.0000,"2025-05-19 14:59:17","2025-05-19 14:59:17",NULL,N
173,"2020-09-09",KRW,미니금 100g,74420,0.1000,744.2000,23926.5677,74420.0000,"2025-05-19 14:59:17","2025-05-19 14:59:17",NULL,N
174,"2020-09-10",KRW,미니금 100g,74690,0.1000,746.9000,24013.3747,74690.0000,"2025-05-19 14:59:17","2025-05-19 14:59:17",NULL,N
175,"2020-09-11",KRW,미니금 100g,74740,0.1000,747.4000,24029.4501,74740.0000,"2025-05-19 14:59:17","2025-05-19 14:59:17",NULL,N
176,"2020-09-14",KRW,미니금 100g,74410,0.1000,744.1000,23923.3527,74410.0000,"2025-05-19 14:59:17","2025-05-19 14:59:17",NULL,N
177,"2020-09-15",KRW,미니금 100g,74880,0.1000,748.8000,24074.4611,74880.0000,"2025-05-19 14:59:17","2025-05-19 14:59:17",NULL,N
178,"2020-09-16",KRW,미니금 100g,74650,0.1000,746.5000,24000.5144,74650.0000,"2025-05-19 14:59:17","2025-05-19 14:59:17",NULL,N
179,"2020-09-17",KRW,미니금 100g,74000,0.1000,740.0000,23791.5347,74000.0000,"2025-05-19 14:59:17","2025-05-19 14:59:17",NULL,N
180,"2020-09-18",KRW,미니금 100g,73240,0.1000,732.4000,23547.1892,73240.0000,"2025-05-19 14:59:17","2025-05-19 14:59:17",NULL,N
181,"2020-09-21",KRW,미니금 100g,73000,0.1000,730.0000,23470.0275,73000.0000,"2025-05-19 14:59:17","2025-05-19 14:59:17",NULL,N
182,"2020-09-22",KRW,미니금 100g,72000,0.1000,720.0000,23148.5203,72000.0000,"2025-05-19 14:59:17","2025-05-19 14:59:17",NULL,N
183,"2020-09-23",KRW,미니금 100g,71020,0.1000,710.2000,22833.4432,71020.0000,"2025-05-19 14:59:17","2025-05-19 14:59:17",NULL,N
184,"2020-09-24",KRW,미니금 100g,70200,0.1000,702.0000,22569.8073,70200.0000,"2025-05-19 14:59:17","2025-05-19 14:59:17",NULL,N
185,"2020-09-25",KRW,미니금 100g,70860,0.1000,708.6000,22782.0020,70860.0000,"2025-05-19 14:59:17","2025-05-19 14:59:17",NULL,N
186,"2020-09-28",KRW,미니금 100g,70650,0.1000,706.5000,22714.4855,70650.0000,"2025-05-19 14:59:17","2025-05-19 14:59:17",NULL,N
187,"2020-09-29",KRW,미니금 100g,71130,0.1000,711.3000,22868.8090,71130.0000,"2025-05-19 14:59:17","2025-05-19 14:59:17",NULL,N
188,"2020-10-05",KRW,미니금 100g,71130,0.1000,711.3000,22868.8090,71130.0000,"2025-05-19 14:59:17","2025-05-19 14:59:17",NULL,N
189,"2020-10-06",KRW,미니금 100g,72100,0.1000,721.0000,23180.6710,72100.0000,"2025-05-19 14:59:17","2025-05-19 14:59:17",NULL,N
190,"2020-10-07",KRW,미니금 100g,71100,0.1000,711.0000,22859.1638,71100.0000,"2025-05-19 14:59:17","2025-05-19 14:59:17",NULL,N
191,"2020-10-08",KRW,미니금 100g,70700,0.1000,707.0000,22730.5609,70700.0000,"2025-05-19 14:59:17","2025-05-19 14:59:17",NULL,N
192,"2020-10-12",KRW,미니금 100g,71670,0.1000,716.7000,23042.4229,71670.0000,"2025-05-19 14:59:17","2025-05-19 14:59:17",NULL,N
193,"2020-10-13",KRW,미니금 100g,71470,0.1000,714.7000,22978.1214,71470.0000,"2025-05-19 14:59:17","2025-05-19 14:59:17",NULL,N
194,"2020-10-14",KRW,미니금 100g,70490,0.1000,704.9000,22663.0444,70490.0000,"2025-05-19 14:59:17","2025-05-19 14:59:17",NULL,N
195,"2020-10-15",KRW,미니금 100g,70450,0.1000,704.5000,22650.1841,70450.0000,"2025-05-19 14:59:17","2025-05-19 14:59:17",NULL,N
196,"2020-10-16",KRW,미니금 100g,70800,0.1000,708.0000,22762.7116,70800.0000,"2025-05-19 14:59:17","2025-05-19 14:59:17",NULL,N
197,"2020-10-19",KRW,미니금 100g,70530,0.1000,705.3000,22675.9046,70530.0000,"2025-05-19 14:59:17","2025-05-19 14:59:17",NULL,N
198,"2020-10-20",KRW,미니금 100g,70360,0.1000,703.6000,22621.2484,70360.0000,"2025-05-19 14:59:17","2025-05-19 14:59:17",NULL,N
199,"2020-10-21",KRW,미니금 100g,70280,0.1000,702.8000,22595.5278,70280.0000,"2025-05-19 14:59:17","2025-05-19 14:59:17",NULL,N
200,"2020-10-22",KRW,미니금 100g,70250,0.1000,702.5000,22585.8826,70250.0000,"2025-05-19 14:59:17","2025-05-19 14:59:17",NULL,N
201,"2020-10-23",KRW,미니금 100g,69980,0.1000,699.8000,22499.0757,69980.0000,"2025-05-19 14:59:17","2025-05-19 14:59:17",NULL,N
202,"2020-10-26",KRW,미니금 100g,69330,0.1000,693.3000,22290.0960,69330.0000,"2025-05-19 14:59:17","2025-05-19 14:59:17",NULL,N
203,"2020-10-27",KRW,미니금 100g,69510,0.1000,695.1000,22347.9673,69510.0000,"2025-05-19 14:59:17","2025-05-19 14:59:17",NULL,N
204,"2020-10-28",KRW,미니금 100g,69810,0.1000,698.1000,22444.4194,69810.0000,"2025-05-19 14:59:17","2025-05-19 14:59:17",NULL,N
205,"2020-10-29",KRW,미니금 100g,69190,0.1000,691.9000,22245.0850,69190.0000,"2025-05-19 14:59:17","2025-05-19 14:59:17",NULL,N
206,"2020-10-30",KRW,미니금 100g,68590,0.1000,685.9000,22052.1806,68590.0000,"2025-05-19 14:59:17","2025-05-19 14:59:17",NULL,N
207,"2020-11-02",KRW,미니금 100g,69160,0.1000,691.6000,22235.4397,69160.0000,"2025-05-19 14:59:17","2025-05-19 14:59:17",NULL,N
208,"2020-11-03",KRW,미니금 100g,69570,0.1000,695.7000,22367.2577,69570.0000,"2025-05-19 14:59:17","2025-05-19 14:59:17",NULL,N
209,"2020-11-04",KRW,미니금 100g,69830,0.1000,698.3000,22450.8496,69830.0000,"2025-05-19 14:59:17","2025-05-19 14:59:17",NULL,N
210,"2020-11-05",KRW,미니금 100g,69830,0.1000,698.3000,22450.8496,69830.0000,"2025-05-19 14:59:17","2025-05-19 14:59:17",NULL,N
211,"2020-11-06",KRW,미니금 100g,70500,0.1000,705.0000,22666.2594,70500.0000,"2025-05-19 14:59:17","2025-05-19 14:59:17",NULL,N
212,"2020-11-09",KRW,미니금 100g,70770,0.1000,707.7000,22753.0664,70770.0000,"2025-05-19 14:59:17","2025-05-19 14:59:17",NULL,N
213,"2020-11-10",KRW,미니금 100g,68100,0.1000,681.0000,21894.6421,68100.0000,"2025-05-19 14:59:17","2025-05-19 14:59:17",NULL,N
214,"2020-11-11",KRW,미니금 100g,67850,0.1000,678.5000,21814.2653,67850.0000,"2025-05-19 14:59:17","2025-05-19 14:59:17",NULL,N
215,"2020-11-12",KRW,미니금 100g,67800,0.1000,678.0000,21798.1899,67800.0000,"2025-05-19 14:59:17","2025-05-19 14:59:17",NULL,N
216,"2020-11-13",KRW,미니금 100g,67770,0.1000,677.7000,21788.5447,67770.0000,"2025-05-19 14:59:17","2025-05-19 14:59:17",NULL,N
217,"2020-11-16",KRW,미니금 100g,68000,0.1000,680.0000,21862.4914,68000.0000,"2025-05-19 14:59:17","2025-05-19 14:59:17",NULL,N
218,"2020-11-17",KRW,미니금 100g,67660,0.1000,676.6000,21753.1789,67660.0000,"2025-05-19 14:59:17","2025-05-19 14:59:17",NULL,N
219,"2020-11-18",KRW,미니금 100g,67290,0.1000,672.9000,21634.2212,67290.0000,"2025-05-19 14:59:17","2025-05-19 14:59:17",NULL,N
220,"2020-11-19",KRW,미니금 100g,67230,0.1000,672.3000,21614.9308,67230.0000,"2025-05-19 14:59:17","2025-05-19 14:59:17",NULL,N
221,"2020-11-20",KRW,미니금 100g,67270,0.1000,672.7000,21627.7911,67270.0000,"2025-05-19 14:59:17","2025-05-19 14:59:17",NULL,N
222,"2020-11-23",KRW,미니금 100g,67690,0.1000,676.9000,21762.8241,67690.0000,"2025-05-19 14:59:17","2025-05-19 14:59:17",NULL,N
223,"2020-11-24",KRW,미니금 100g,65900,0.1000,659.0000,21187.3262,65900.0000,"2025-05-19 14:59:17","2025-05-19 14:59:17",NULL,N
224,"2020-11-25",KRW,미니금 100g,64600,0.1000,646.0000,20769.3668,64600.0000,"2025-05-19 14:59:17","2025-05-19 14:59:17",NULL,N
225,"2020-11-26",KRW,미니금 100g,64700,0.1000,647.0000,20801.5175,64700.0000,"2025-05-19 14:59:17","2025-05-19 14:59:17",NULL,N
226,"2020-11-27",KRW,미니금 100g,64700,0.1000,647.0000,20801.5175,64700.0000,"2025-05-19 14:59:17","2025-05-19 14:59:17",NULL,N
227,"2020-11-30",KRW,미니금 100g,63150,0.1000,631.5000,20303.1813,63150.0000,"2025-05-19 14:59:17","2025-05-19 14:59:17",NULL,N
228,"2020-12-01",KRW,미니금 100g,63900,0.1000,639.0000,20544.3117,63900.0000,"2025-05-19 14:59:17","2025-05-19 14:59:17",NULL,N
229,"2020-12-02",KRW,미니금 100g,64590,0.1000,645.9000,20766.1517,64590.0000,"2025-05-19 14:59:17","2025-05-19 14:59:17",NULL,N
230,"2020-12-03",KRW,미니금 100g,65000,0.1000,650.0000,20897.9697,65000.0000,"2025-05-19 14:59:17","2025-05-19 14:59:17",NULL,N
231,"2020-12-04",KRW,미니금 100g,64600,0.1000,646.0000,20769.3668,64600.0000,"2025-05-19 14:59:17","2025-05-19 14:59:17",NULL,N
232,"2020-12-07",KRW,미니금 100g,64400,0.1000,644.0000,20705.0653,64400.0000,"2025-05-19 14:59:17","2025-05-19 14:59:17",NULL,N
233,"2020-12-08",KRW,미니금 100g,65640,0.1000,656.4000,21103.7343,65640.0000,"2025-05-19 14:59:17","2025-05-19 14:59:17",NULL,N
234,"2020-12-09",KRW,미니금 100g,65180,0.1000,651.8000,20955.8410,65180.0000,"2025-05-19 14:59:17","2025-05-19 14:59:17",NULL,N
235,"2020-12-10",KRW,미니금 100g,64800,0.1000,648.0000,20833.6682,64800.0000,"2025-05-19 14:59:17","2025-05-19 14:59:17",NULL,N
236,"2020-12-11",KRW,미니금 100g,64660,0.1000,646.6000,20788.6572,64660.0000,"2025-05-19 14:59:17","2025-05-19 14:59:17",NULL,N
237,"2020-12-14",KRW,미니금 100g,65000,0.1000,650.0000,20897.9697,65000.0000,"2025-05-19 14:59:17","2025-05-19 14:59:17",NULL,N
238,"2020-12-15",KRW,미니금 100g,64950,0.1000,649.5000,20881.8943,64950.0000,"2025-05-19 14:59:17","2025-05-19 14:59:17",NULL,N
239,"2020-12-16",KRW,미니금 100g,65730,0.1000,657.3000,21132.6700,65730.0000,"2025-05-19 14:59:17","2025-05-19 14:59:17",NULL,N
240,"2020-12-17",KRW,미니금 100g,66160,0.1000,661.6000,21270.9181,66160.0000,"2025-05-19 14:59:17","2025-05-19 14:59:17",NULL,N
241,"2020-12-18",KRW,미니금 100g,67200,0.1000,672.0000,21605.2856,67200.0000,"2025-05-19 14:59:17","2025-05-19 14:59:17",NULL,N
242,"2020-12-21",KRW,미니금 100g,68180,0.1000,681.8000,21920.3627,68180.0000,"2025-05-19 14:59:17","2025-05-19 14:59:17",NULL,N
243,"2020-12-22",KRW,미니금 100g,67510,0.1000,675.1000,21704.9528,67510.0000,"2025-05-19 14:59:17","2025-05-19 14:59:17",NULL,N
244,"2020-12-23",KRW,미니금 100g,66960,0.1000,669.6000,21528.1238,66960.0000,"2025-05-19 14:59:17","2025-05-19 14:59:17",NULL,N
245,"2020-12-24",KRW,미니금 100g,67210,0.1000,672.1000,21608.5007,67210.0000,"2025-05-19 14:59:17","2025-05-19 14:59:17",NULL,N
246,"2020-12-28",KRW,미니금 100g,67240,0.1000,672.4000,21618.1459,67240.0000,"2025-05-19 14:59:17","2025-05-19 14:59:17",NULL,N
247,"2020-12-29",KRW,미니금 100g,66750,0.1000,667.5000,21460.6073,66750.0000,"2025-05-19 14:59:17","2025-05-19 14:59:17",NULL,N
248,"2020-12-30",KRW,미니금 100g,66280,0.1000,662.8000,21309.4989,66280.0000,"2025-05-19 14:59:17","2025-05-19 14:59:17",NULL,N
249,"2021-01-04",KRW,미니금 100g,67510,0.1000,675.1000,21704.9528,67510.0000,"2025-05-19 14:59:17","2025-05-19 14:59:17",NULL,N
250,"2021-01-05",KRW,미니금 100g,68600,0.1000,686.0000,22055.3957,68600.0000,"2025-05-19 14:59:17","2025-05-19 14:59:17",NULL,N
251,"2021-01-06",KRW,미니금 100g,69000,0.1000,690.0000,22183.9986,69000.0000,"2025-05-19 14:59:17","2025-05-19 14:59:17",NULL,N
252,"2021-01-07",KRW,미니금 100g,68730,0.1000,687.3000,22097.1916,68730.0000,"2025-05-19 14:59:17","2025-05-19 14:59:17",NULL,N
253,"2021-01-08",KRW,미니금 100g,68980,0.1000,689.8000,22177.5684,68980.0000,"2025-05-19 14:59:17","2025-05-19 14:59:17",NULL,N
254,"2021-01-11",KRW,미니금 100g,67500,0.1000,675.0000,21701.7377,67500.0000,"2025-05-19 14:59:17","2025-05-19 14:59:17",NULL,N
255,"2021-01-12",KRW,미니금 100g,67700,0.1000,677.0000,21766.0392,67700.0000,"2025-05-19 14:59:17","2025-05-19 14:59:17",NULL,N
256,"2021-01-13",KRW,미니금 100g,67450,0.1000,674.5000,21685.6624,67450.0000,"2025-05-19 14:59:17","2025-05-19 14:59:17",NULL,N
257,"2021-01-14",KRW,미니금 100g,66990,0.1000,669.9000,21537.7691,66990.0000,"2025-05-19 14:59:17","2025-05-19 14:59:17",NULL,N
258,"2021-01-15",KRW,미니금 100g,67520,0.1000,675.2000,21708.1679,67520.0000,"2025-05-19 14:59:17","2025-05-19 14:59:17",NULL,N
259,"2021-01-18",KRW,미니금 100g,66380,0.1000,663.8000,21341.6497,66380.0000,"2025-05-19 14:59:17","2025-05-19 14:59:17",NULL,N
260,"2021-01-19",KRW,미니금 100g,66380,0.1000,663.8000,21341.6497,66380.0000,"2025-05-19 14:59:17","2025-05-19 14:59:17",NULL,N
261,"2021-01-20",KRW,미니금 100g,66190,0.1000,661.9000,21280.5633,66190.0000,"2025-05-19 14:59:17","2025-05-19 14:59:17",NULL,N
262,"2021-01-21",KRW,미니금 100g,66800,0.1000,668.0000,21476.6827,66800.0000,"2025-05-19 14:59:17","2025-05-19 14:59:17",NULL,N
263,"2021-01-22",KRW,미니금 100g,66650,0.1000,666.5000,21428.4566,66650.0000,"2025-05-19 14:59:17","2025-05-19 14:59:17",NULL,N
264,"2021-01-25",KRW,미니금 100g,66250,0.1000,662.5000,21299.8537,66250.0000,"2025-05-19 14:59:17","2025-05-19 14:59:17",NULL,N
265,"2021-01-26",KRW,미니금 100g,66630,0.1000,666.3000,21422.0265,66630.0000,"2025-05-19 14:59:17","2025-05-19 14:59:17",NULL,N
266,"2021-01-27",KRW,미니금 100g,66350,0.1000,663.5000,21332.0044,66350.0000,"2025-05-19 14:59:17","2025-05-19 14:59:17",NULL,N
267,"2021-01-28",KRW,미니금 100g,66680,0.1000,666.8000,21438.1018,66680.0000,"2025-05-19 14:59:17","2025-05-19 14:59:17",NULL,N
268,"2021-01-29",KRW,미니금 100g,67000,0.1000,670.0000,21540.9841,67000.0000,"2025-05-19 14:59:17","2025-05-19 14:59:17",NULL,N
269,"2021-02-01",KRW,미니금 100g,67500,0.1000,675.0000,21701.7377,67500.0000,"2025-05-19 14:59:17","2025-05-19 14:59:17",NULL,N
270,"2021-02-02",KRW,미니금 100g,67550,0.1000,675.5000,21717.8131,67550.0000,"2025-05-19 14:59:17","2025-05-19 14:59:17",NULL,N
271,"2021-02-03",KRW,미니금 100g,66880,0.1000,668.8000,21502.4033,66880.0000,"2025-05-19 14:59:17","2025-05-19 14:59:17",NULL,N
272,"2021-02-04",KRW,미니금 100g,66150,0.1000,661.5000,21267.7030,66150.0000,"2025-05-19 14:59:17","2025-05-19 14:59:17",NULL,N
273,"2021-02-05",KRW,미니금 100g,65860,0.1000,658.6000,21174.4659,65860.0000,"2025-05-19 14:59:17","2025-05-19 14:59:17",NULL,N
274,"2021-02-08",KRW,미니금 100g,65900,0.1000,659.0000,21187.3262,65900.0000,"2025-05-19 14:59:17","2025-05-19 14:59:17",NULL,N
275,"2021-02-09",KRW,미니금 100g,66600,0.1000,666.0000,21412.3812,66600.0000,"2025-05-19 14:59:17","2025-05-19 14:59:17",NULL,N
276,"2021-02-10",KRW,미니금 100g,66350,0.1000,663.5000,21332.0044,66350.0000,"2025-05-19 14:59:17","2025-05-19 14:59:17",NULL,N
277,"2021-02-15",KRW,미니금 100g,65500,0.1000,655.0000,21058.7233,65500.0000,"2025-05-19 14:59:17","2025-05-19 14:59:17",NULL,N
278,"2021-02-16",KRW,미니금 100g,65150,0.1000,651.5000,20946.1958,65150.0000,"2025-05-19 14:59:17","2025-05-19 14:59:17",NULL,N
279,"2021-02-17",KRW,미니금 100g,64560,0.1000,645.6000,20756.5065,64560.0000,"2025-05-19 14:59:17","2025-05-19 14:59:17",NULL,N
280,"2021-02-18",KRW,미니금 100g,64190,0.1000,641.9000,20637.5488,64190.0000,"2025-05-19 14:59:17","2025-05-19 14:59:17",NULL,N
281,"2021-02-19",KRW,미니금 100g,64010,0.1000,640.1000,20579.6775,64010.0000,"2025-05-19 14:59:17","2025-05-19 14:59:17",NULL,N
282,"2021-02-22",KRW,미니금 100g,64430,0.1000,644.3000,20714.7106,64430.0000,"2025-05-19 14:59:17","2025-05-19 14:59:17",NULL,N
283,"2021-02-23",KRW,미니금 100g,65330,0.1000,653.3000,21004.0671,65330.0000,"2025-05-19 14:59:17","2025-05-19 14:59:17",NULL,N
284,"2021-02-24",KRW,미니금 100g,65300,0.1000,653.0000,20994.4218,65300.0000,"2025-05-19 14:59:17","2025-05-19 14:59:17",NULL,N
285,"2021-02-25",KRW,미니금 100g,64880,0.1000,648.8000,20859.3888,64880.0000,"2025-05-19 14:59:17","2025-05-19 14:59:17",NULL,N
286,"2021-02-26",KRW,미니금 100g,64300,0.1000,643.0000,20672.9146,64300.0000,"2025-05-19 14:59:17","2025-05-19 14:59:17",NULL,N
287,"2021-03-02",KRW,미니금 100g,63100,0.1000,631.0000,20287.1060,63100.0000,"2025-05-19 14:59:17","2025-05-19 14:59:17",NULL,N
288,"2021-03-03",KRW,미니금 100g,63590,0.1000,635.9000,20444.6445,63590.0000,"2025-05-19 14:59:17","2025-05-19 14:59:17",NULL,N
289,"2021-03-04",KRW,미니금 100g,62980,0.1000,629.8000,20248.5251,62980.0000,"2025-05-19 14:59:17","2025-05-19 14:59:17",NULL,N
290,"2021-03-05",KRW,미니금 100g,62390,0.1000,623.9000,20058.8358,62390.0000,"2025-05-19 14:59:17","2025-05-19 14:59:17",NULL,N
291,"2021-03-08",KRW,미니금 100g,62930,0.1000,629.3000,20232.4497,62930.0000,"2025-05-19 14:59:17","2025-05-19 14:59:17",NULL,N
292,"2021-03-09",KRW,미니금 100g,62940,0.1000,629.4000,20235.6648,62940.0000,"2025-05-19 14:59:17","2025-05-19 14:59:17",NULL,N
293,"2021-03-10",KRW,미니금 100g,63700,0.1000,637.0000,20480.0103,63700.0000,"2025-05-19 14:59:17","2025-05-19 14:59:17",NULL,N
294,"2021-03-11",KRW,미니금 100g,64390,0.1000,643.9000,20701.8503,64390.0000,"2025-05-19 14:59:17","2025-05-19 14:59:17",NULL,N
295,"2021-03-12",KRW,미니금 100g,63550,0.1000,635.5000,20431.7842,63550.0000,"2025-05-19 14:59:17","2025-05-19 14:59:17",NULL,N
296,"2021-03-15",KRW,미니금 100g,63700,0.1000,637.0000,20480.0103,63700.0000,"2025-05-19 14:59:17","2025-05-19 14:59:17",NULL,N
297,"2021-03-16",KRW,미니금 100g,63680,0.1000,636.8000,20473.5801,63680.0000,"2025-05-19 14:59:17","2025-05-19 14:59:17",NULL,N
298,"2021-03-17",KRW,미니금 100g,63870,0.1000,638.7000,20534.6665,63870.0000,"2025-05-19 14:59:17","2025-05-19 14:59:17",NULL,N
299,"2021-03-18",KRW,미니금 100g,64030,0.1000,640.3000,20586.1077,64030.0000,"2025-05-19 14:59:17","2025-05-19 14:59:17",NULL,N
300,"2021-03-19",KRW,미니금 100g,63870,0.1000,638.7000,20534.6665,63870.0000,"2025-05-19 14:59:17","2025-05-19 14:59:17",NULL,N
301,"2021-03-22",KRW,미니금 100g,63560,0.1000,635.6000,20434.9993,63560.0000,"2025-05-19 14:59:17","2025-05-19 14:59:17",NULL,N
302,"2021-03-23",KRW,미니금 100g,63520,0.1000,635.2000,20422.1390,63520.0000,"2025-05-19 14:59:17","2025-05-19 14:59:17",NULL,N
303,"2021-03-24",KRW,미니금 100g,63670,0.1000,636.7000,20470.3651,63670.0000,"2025-05-19 14:59:17","2025-05-19 14:59:17",NULL,N
304,"2021-03-25",KRW,미니금 100g,63850,0.1000,638.5000,20528.2364,63850.0000,"2025-05-19 14:59:17","2025-05-19 14:59:17",NULL,N
305,"2021-03-26",KRW,미니금 100g,63600,0.1000,636.0000,20447.8596,63600.0000,"2025-05-19 14:59:17","2025-05-19 14:59:17",NULL,N
306,"2021-03-29",KRW,미니금 100g,63550,0.1000,635.5000,20431.7842,63550.0000,"2025-05-19 14:59:17","2025-05-19 14:59:17",NULL,N
307,"2021-03-30",KRW,미니금 100g,63140,0.1000,631.4000,20299.9662,63140.0000,"2025-05-19 14:59:17","2025-05-19 14:59:17",NULL,N
308,"2021-03-31",KRW,미니금 100g,62660,0.1000,626.6000,20145.6428,62660.0000,"2025-05-19 14:59:17","2025-05-19 14:59:17",NULL,N
309,"2021-04-01",KRW,미니금 100g,63250,0.1000,632.5000,20335.3320,63250.0000,"2025-05-19 14:59:17","2025-05-19 14:59:17",NULL,N
310,"2021-04-02",KRW,미니금 100g,63310,0.1000,633.1000,20354.6225,63310.0000,"2025-05-19 14:59:17","2025-05-19 14:59:17",NULL,N
311,"2021-04-05",KRW,미니금 100g,63220,0.1000,632.2000,20325.6868,63220.0000,"2025-05-19 14:59:17","2025-05-19 14:59:17",NULL,N
312,"2021-04-06",KRW,미니금 100g,63170,0.1000,631.7000,20309.6115,63170.0000,"2025-05-19 14:59:17","2025-05-19 14:59:17",NULL,N
313,"2021-04-07",KRW,미니금 100g,62850,0.1000,628.5000,20206.7291,62850.0000,"2025-05-19 14:59:17","2025-05-19 14:59:17",NULL,N
314,"2021-04-08",KRW,미니금 100g,63210,0.1000,632.1000,20322.4717,63210.0000,"2025-05-19 14:59:17","2025-05-19 14:59:17",NULL,N
315,"2021-04-09",KRW,미니금 100g,63490,0.1000,634.9000,20412.4938,63490.0000,"2025-05-19 14:59:17","2025-05-19 14:59:17",NULL,N
316,"2021-04-12",KRW,미니금 100g,63420,0.1000,634.2000,20389.9883,63420.0000,"2025-05-19 14:59:17","2025-05-19 14:59:17",NULL,N
317,"2021-04-13",KRW,미니금 100g,63100,0.1000,631.0000,20287.1060,63100.0000,"2025-05-19 14:59:17","2025-05-19 14:59:17",NULL,N
318,"2021-04-14",KRW,미니금 100g,63280,0.1000,632.8000,20344.9773,63280.0000,"2025-05-19 14:59:17","2025-05-19 14:59:17",NULL,N
319,"2021-04-15",KRW,미니금 100g,63200,0.1000,632.0000,20319.2567,63200.0000,"2025-05-19 14:59:17","2025-05-19 14:59:17",NULL,N
320,"2021-04-16",KRW,미니금 100g,63730,0.1000,637.3000,20489.6555,63730.0000,"2025-05-19 14:59:17","2025-05-19 14:59:17",NULL,N
321,"2021-04-19",KRW,미니금 100g,64340,0.1000,643.4000,20685.7749,64340.0000,"2025-05-19 14:59:17","2025-05-19 14:59:17",NULL,N
322,"2021-04-20",KRW,미니금 100g,64040,0.1000,640.4000,20589.3227,64040.0000,"2025-05-19 14:59:17","2025-05-19 14:59:17",NULL,N
323,"2021-04-21",KRW,미니금 100g,64600,0.1000,646.0000,20769.3668,64600.0000,"2025-05-19 14:59:17","2025-05-19 14:59:17",NULL,N
324,"2021-04-22",KRW,미니금 100g,64800,0.1000,648.0000,20833.6682,64800.0000,"2025-05-19 14:59:17","2025-05-19 14:59:17",NULL,N
325,"2021-04-23",KRW,미니금 100g,64800,0.1000,648.0000,20833.6682,64800.0000,"2025-05-19 14:59:17","2025-05-19 14:59:17",NULL,N
326,"2021-04-26",KRW,미니금 100g,64360,0.1000,643.6000,20692.2051,64360.0000,"2025-05-19 14:59:17","2025-05-19 14:59:17",NULL,N
327,"2021-04-27",KRW,미니금 100g,64290,0.1000,642.9000,20669.6996,64290.0000,"2025-05-19 14:59:17","2025-05-19 14:59:17",NULL,N
328,"2021-04-28",KRW,미니금 100g,63890,0.1000,638.9000,20541.0967,63890.0000,"2025-05-19 14:59:17","2025-05-19 14:59:17",NULL,N
329,"2021-04-29",KRW,미니금 100g,63850,0.1000,638.5000,20528.2364,63850.0000,"2025-05-19 14:59:17","2025-05-19 14:59:17",NULL,N
330,"2021-04-30",KRW,미니금 100g,63660,0.1000,636.6000,20467.1500,63660.0000,"2025-05-19 14:59:17","2025-05-19 14:59:17",NULL,N
331,"2021-05-03",KRW,미니금 100g,64400,0.1000,644.0000,20705.0653,64400.0000,"2025-05-19 14:59:17","2025-05-19 14:59:17",NULL,N
332,"2021-05-04",KRW,미니금 100g,64950,0.1000,649.5000,20881.8943,64950.0000,"2025-05-19 14:59:17","2025-05-19 14:59:17",NULL,N
333,"2021-05-06",KRW,미니금 100g,65220,0.1000,652.2000,20968.7013,65220.0000,"2025-05-19 14:59:17","2025-05-19 14:59:17",NULL,N
334,"2021-05-07",KRW,미니금 100g,65980,0.1000,659.8000,21213.0468,65980.0000,"2025-05-19 14:59:17","2025-05-19 14:59:17",NULL,N
335,"2021-05-10",KRW,미니금 100g,66200,0.1000,662.0000,21283.7784,66200.0000,"2025-05-19 14:59:17","2025-05-19 14:59:17",NULL,N
336,"2021-05-11",KRW,미니금 100g,66470,0.1000,664.7000,21370.5853,66470.0000,"2025-05-19 14:59:17","2025-05-19 14:59:17",NULL,N
337,"2021-05-12",KRW,미니금 100g,66570,0.1000,665.7000,21402.7360,66570.0000,"2025-05-19 14:59:17","2025-05-19 14:59:17",NULL,N
338,"2021-05-13",KRW,미니금 100g,66450,0.1000,664.5000,21364.1552,66450.0000,"2025-05-19 14:59:17","2025-05-19 14:59:17",NULL,N
339,"2021-05-14",KRW,미니금 100g,66700,0.1000,667.0000,21444.5320,66700.0000,"2025-05-19 14:59:17","2025-05-19 14:59:17",NULL,N
340,"2021-05-17",KRW,미니금 100g,67950,0.1000,679.5000,21846.4160,67950.0000,"2025-05-19 14:59:17","2025-05-19 14:59:17",NULL,N
341,"2021-05-18",KRW,미니금 100g,68500,0.1000,685.0000,22023.2450,68500.0000,"2025-05-19 14:59:17","2025-05-19 14:59:17",NULL,N
342,"2021-05-20",KRW,미니금 100g,68760,0.1000,687.6000,22106.8369,68760.0000,"2025-05-19 14:59:17","2025-05-19 14:59:17",NULL,N
343,"2021-05-21",KRW,미니금 100g,68450,0.1000,684.5000,22007.1696,68450.0000,"2025-05-19 14:59:17","2025-05-19 14:59:17",NULL,N
344,"2021-05-24",KRW,미니금 100g,68800,0.1000,688.0000,22119.6971,68800.0000,"2025-05-19 14:59:17","2025-05-19 14:59:17",NULL,N
345,"2021-05-25",KRW,미니금 100g,68220,0.1000,682.2000,21933.2229,68220.0000,"2025-05-19 14:59:17","2025-05-19 14:59:17",NULL,N
346,"2021-05-26",KRW,미니금 100g,68830,0.1000,688.3000,22129.3424,68830.0000,"2025-05-19 14:59:17","2025-05-19 14:59:17",NULL,N
347,"2021-05-27",KRW,미니금 100g,68680,0.1000,686.8000,22081.1163,68680.0000,"2025-05-19 14:59:17","2025-05-19 14:59:17",NULL,N
348,"2021-05-28",KRW,미니금 100g,68220,0.1000,682.2000,21933.2229,68220.0000,"2025-05-19 14:59:17","2025-05-19 14:59:17",NULL,N
349,"2021-05-31",KRW,미니금 100g,68680,0.1000,686.8000,22081.1163,68680.0000,"2025-05-19 14:59:17","2025-05-19 14:59:17",NULL,N
350,"2021-06-01",KRW,미니금 100g,68530,0.1000,685.3000,22032.8902,68530.0000,"2025-05-19 14:59:17","2025-05-19 14:59:17",NULL,N
351,"2021-06-02",KRW,미니금 100g,68040,0.1000,680.4000,21875.3516,68040.0000,"2025-05-19 14:59:17","2025-05-19 14:59:17",NULL,N
352,"2021-06-03",KRW,미니금 100g,68250,0.1000,682.5000,21942.8682,68250.0000,"2025-05-19 14:59:17","2025-05-19 14:59:17",NULL,N
353,"2021-06-04",KRW,미니금 100g,67590,0.1000,675.9000,21730.6734,67590.0000,"2025-05-19 14:59:17","2025-05-19 14:59:17",NULL,N
354,"2021-06-07",KRW,미니금 100g,67790,0.1000,677.9000,21794.9748,67790.0000,"2025-05-19 14:59:17","2025-05-19 14:59:17",NULL,N
355,"2021-06-08",KRW,미니금 100g,68250,0.1000,682.5000,21942.8682,68250.0000,"2025-05-19 14:59:17","2025-05-19 14:59:17",NULL,N
356,"2021-06-09",KRW,미니금 100g,68100,0.1000,681.0000,21894.6421,68100.0000,"2025-05-19 14:59:17","2025-05-19 14:59:17",NULL,N
357,"2021-06-10",KRW,미니금 100g,68050,0.1000,680.5000,21878.5667,68050.0000,"2025-05-19 14:59:17","2025-05-19 14:59:17",NULL,N
358,"2021-06-11",KRW,미니금 100g,68090,0.1000,680.9000,21891.4270,68090.0000,"2025-05-19 14:59:17","2025-05-19 14:59:17",NULL,N
359,"2021-06-14",KRW,미니금 100g,67400,0.1000,674.0000,21669.5870,67400.0000,"2025-05-19 14:59:17","2025-05-19 14:59:17",NULL,N
360,"2021-06-15",KRW,미니금 100g,67380,0.1000,673.8000,21663.1569,67380.0000,"2025-05-19 14:59:17","2025-05-19 14:59:17",NULL,N
361,"2021-06-16",KRW,미니금 100g,67140,0.1000,671.4000,21585.9951,67140.0000,"2025-05-19 14:59:17","2025-05-19 14:59:17",NULL,N
362,"2021-06-17",KRW,미니금 100g,66190,0.1000,661.9000,21280.5633,66190.0000,"2025-05-19 14:59:17","2025-05-19 14:59:17",NULL,N
363,"2021-06-18",KRW,미니금 100g,65120,0.1000,651.2000,20936.5505,65120.0000,"2025-05-19 14:59:17","2025-05-19 14:59:17",NULL,N
364,"2021-06-21",KRW,미니금 100g,65110,0.1000,651.1000,20933.3355,65110.0000,"2025-05-19 14:59:17","2025-05-19 14:59:17",NULL,N
365,"2021-06-22",KRW,미니금 100g,65360,0.1000,653.6000,21013.7123,65360.0000,"2025-05-19 14:59:17","2025-05-19 14:59:17",NULL,N
366,"2021-06-23",KRW,미니금 100g,65500,0.1000,655.0000,21058.7233,65500.0000,"2025-05-19 14:59:17","2025-05-19 14:59:17",NULL,N
367,"2021-06-24",KRW,미니금 100g,65370,0.1000,653.7000,21016.9274,65370.0000,"2025-05-19 14:59:17","2025-05-19 14:59:17",NULL,N
368,"2021-06-25",KRW,미니금 100g,64930,0.1000,649.3000,20875.4642,64930.0000,"2025-05-19 14:59:17","2025-05-19 14:59:17",NULL,N
369,"2021-06-28",KRW,미니금 100g,65250,0.1000,652.5000,20978.3465,65250.0000,"2025-05-19 14:59:17","2025-05-19 14:59:17",NULL,N
370,"2021-06-29",KRW,미니금 100g,64950,0.1000,649.5000,20881.8943,64950.0000,"2025-05-19 14:59:17","2025-05-19 14:59:17",NULL,N
371,"2021-06-30",KRW,미니금 100g,64350,0.1000,643.5000,20688.9900,64350.0000,"2025-05-19 14:59:17","2025-05-19 14:59:17",NULL,N
372,"2021-07-01",KRW,미니금 100g,65100,0.1000,651.0000,20930.1204,65100.0000,"2025-05-19 14:59:17","2025-05-19 14:59:17",NULL,N
373,"2021-07-02",KRW,미니금 100g,65460,0.1000,654.6000,21045.8630,65460.0000,"2025-05-19 14:59:17","2025-05-19 14:59:17",NULL,N
374,"2021-07-05",KRW,미니금 100g,65520,0.1000,655.2000,21065.1534,65520.0000,"2025-05-19 14:59:17","2025-05-19 14:59:17",NULL,N
375,"2021-07-06",KRW,미니금 100g,65780,0.1000,657.8000,21148.7453,65780.0000,"2025-05-19 14:59:17","2025-05-19 14:59:17",NULL,N
376,"2021-07-07",KRW,미니금 100g,66160,0.1000,661.6000,21270.9181,66160.0000,"2025-05-19 14:59:17","2025-05-19 14:59:17",NULL,N
377,"2021-07-08",KRW,미니금 100g,66600,0.1000,666.0000,21412.3812,66600.0000,"2025-05-19 14:59:17","2025-05-19 14:59:17",NULL,N
378,"2021-07-09",KRW,미니금 100g,66800,0.1000,668.0000,21476.6827,66800.0000,"2025-05-19 14:59:17","2025-05-19 14:59:17",NULL,N
379,"2021-07-12",KRW,미니금 100g,66990,0.1000,669.9000,21537.7691,66990.0000,"2025-05-19 14:59:17","2025-05-19 14:59:17",NULL,N
380,"2021-07-13",KRW,미니금 100g,67000,0.1000,670.0000,21540.9841,67000.0000,"2025-05-19 14:59:17","2025-05-19 14:59:17",NULL,N
381,"2021-07-14",KRW,미니금 100g,67300,0.1000,673.0000,21637.4363,67300.0000,"2025-05-19 14:59:17","2025-05-19 14:59:17",NULL,N
382,"2021-07-15",KRW,미니금 100g,67420,0.1000,674.2000,21676.0172,67420.0000,"2025-05-19 14:59:17","2025-05-19 14:59:17",NULL,N
383,"2021-07-16",KRW,미니금 100g,67280,0.1000,672.8000,21631.0062,67280.0000,"2025-05-19 14:59:17","2025-05-19 14:59:17",NULL,N
384,"2021-07-19",KRW,미니금 100g,67120,0.1000,671.2000,21579.5650,67120.0000,"2025-05-19 14:59:17","2025-05-19 14:59:17",NULL,N
385,"2021-07-20",KRW,미니금 100g,67530,0.1000,675.3000,21711.3830,67530.0000,"2025-05-19 14:59:17","2025-05-19 14:59:17",NULL,N
386,"2021-07-21",KRW,미니금 100g,67440,0.1000,674.4000,21682.4473,67440.0000,"2025-05-19 14:59:17","2025-05-19 14:59:17",NULL,N
387,"2021-07-22",KRW,미니금 100g,66910,0.1000,669.1000,21512.0485,66910.0000,"2025-05-19 14:59:17","2025-05-19 14:59:17",NULL,N
388,"2021-07-23",KRW,미니금 100g,67070,0.1000,670.7000,21563.4896,67070.0000,"2025-05-19 14:59:17","2025-05-19 14:59:17",NULL,N
389,"2021-07-26",KRW,미니금 100g,67280,0.1000,672.8000,21631.0062,67280.0000,"2025-05-19 14:59:17","2025-05-19 14:59:17",NULL,N
390,"2021-07-27",KRW,미니금 100g,66850,0.1000,668.5000,21492.7580,66850.0000,"2025-05-19 14:59:17","2025-05-19 14:59:17",NULL,N
391,"2021-07-28",KRW,미니금 100g,67370,0.1000,673.7000,21659.9418,67370.0000,"2025-05-19 14:59:17","2025-05-19 14:59:17",NULL,N
392,"2021-07-29",KRW,미니금 100g,67210,0.1000,672.1000,21608.5007,67210.0000,"2025-05-19 14:59:17","2025-05-19 14:59:17",NULL,N
393,"2021-07-30",KRW,미니금 100g,67800,0.1000,678.0000,21798.1899,67800.0000,"2025-05-19 14:59:17","2025-05-19 14:59:17",NULL,N
394,"2021-08-02",KRW,미니금 100g,67300,0.1000,673.0000,21637.4363,67300.0000,"2025-05-19 14:59:17","2025-05-19 14:59:17",NULL,N
395,"2021-08-03",KRW,미니금 100g,67110,0.1000,671.1000,21576.3499,67110.0000,"2025-05-19 14:59:17","2025-05-19 14:59:17",NULL,N
396,"2021-08-04",KRW,미니금 100g,67120,0.1000,671.2000,21579.5650,67120.0000,"2025-05-19 14:59:17","2025-05-19 14:59:17",NULL,N
397,"2021-08-05",KRW,미니금 100g,66730,0.1000,667.3000,21454.1772,66730.0000,"2025-05-19 14:59:17","2025-05-19 14:59:17",NULL,N
398,"2021-08-06",KRW,미니금 100g,66460,0.1000,664.6000,21367.3702,66460.0000,"2025-05-19 14:59:17","2025-05-19 14:59:17",NULL,N
399,"2021-08-09",KRW,미니금 100g,64780,0.1000,647.8000,20827.2381,64780.0000,"2025-05-19 14:59:17","2025-05-19 14:59:17",NULL,N
400,"2021-08-10",KRW,미니금 100g,64920,0.1000,649.2000,20872.2491,64920.0000,"2025-05-19 14:59:17","2025-05-19 14:59:17",NULL,N
401,"2021-08-11",KRW,미니금 100g,65100,0.1000,651.0000,20930.1204,65100.0000,"2025-05-19 14:59:17","2025-05-19 14:59:17",NULL,N
402,"2021-08-12",KRW,미니금 100g,65850,0.1000,658.5000,21171.2508,65850.0000,"2025-05-19 14:59:17","2025-05-19 14:59:17",NULL,N
403,"2021-08-13",KRW,미니금 100g,66290,0.1000,662.9000,21312.7140,66290.0000,"2025-05-19 14:59:17","2025-05-19 14:59:17",NULL,N
404,"2021-08-17",KRW,미니금 100g,68030,0.1000,680.3000,21872.1366,68030.0000,"2025-05-19 14:59:17","2025-05-19 14:59:17",NULL,N
405,"2021-08-18",KRW,미니금 100g,67510,0.1000,675.1000,21704.9528,67510.0000,"2025-05-19 14:59:17","2025-05-19 14:59:17",NULL,N
406,"2021-08-19",KRW,미니금 100g,67390,0.1000,673.9000,21666.3720,67390.0000,"2025-05-19 14:59:17","2025-05-19 14:59:17",NULL,N
407,"2021-08-20",KRW,미니금 100g,67880,0.1000,678.8000,21823.9105,67880.0000,"2025-05-19 14:59:17","2025-05-19 14:59:17",NULL,N
408,"2021-08-23",KRW,미니금 100g,67460,0.1000,674.6000,21688.8775,67460.0000,"2025-05-19 14:59:17","2025-05-19 14:59:17",NULL,N
409,"2021-08-24",KRW,미니금 100g,67650,0.1000,676.5000,21749.9638,67650.0000,"2025-05-19 14:59:17","2025-05-19 14:59:17",NULL,N
410,"2021-08-25",KRW,미니금 100g,67500,0.1000,675.0000,21701.7377,67500.0000,"2025-05-19 14:59:17","2025-05-19 14:59:17",NULL,N
411,"2021-08-26",KRW,미니금 100g,67170,0.1000,671.7000,21595.6404,67170.0000,"2025-05-19 14:59:17","2025-05-19 14:59:17",NULL,N
412,"2021-08-27",KRW,미니금 100g,67510,0.1000,675.1000,21704.9528,67510.0000,"2025-05-19 14:59:17","2025-05-19 14:59:17",NULL,N
413,"2021-08-30",KRW,미니금 100g,67700,0.1000,677.0000,21766.0392,67700.0000,"2025-05-19 14:59:17","2025-05-19 14:59:17",NULL,N
414,"2021-08-31",KRW,미니금 100g,67570,0.1000,675.7000,21724.2433,67570.0000,"2025-05-19 14:59:17","2025-05-19 14:59:17",NULL,N
415,"2021-09-01",KRW,미니금 100g,67500,0.1000,675.0000,21701.7377,67500.0000,"2025-05-19 14:59:17","2025-05-19 14:59:17",NULL,N
416,"2021-09-02",KRW,미니금 100g,67500,0.1000,675.0000,21701.7377,67500.0000,"2025-05-19 14:59:17","2025-05-19 14:59:17",NULL,N
417,"2021-09-03",KRW,미니금 100g,67400,0.1000,674.0000,21669.5870,67400.0000,"2025-05-19 14:59:17","2025-05-19 14:59:17",NULL,N
418,"2021-09-06",KRW,미니금 100g,67700,0.1000,677.0000,21766.0392,67700.0000,"2025-05-19 14:59:17","2025-05-19 14:59:17",NULL,N
419,"2021-09-07",KRW,미니금 100g,67700,0.1000,677.0000,21766.0392,67700.0000,"2025-05-19 14:59:17","2025-05-19 14:59:17",NULL,N
420,"2021-09-08",KRW,미니금 100g,67490,0.1000,674.9000,21698.5227,67490.0000,"2025-05-19 14:59:17","2025-05-19 14:59:17",NULL,N
421,"2021-09-09",KRW,미니금 100g,67370,0.1000,673.7000,21659.9418,67370.0000,"2025-05-19 14:59:17","2025-05-19 14:59:17",NULL,N
422,"2021-09-10",KRW,미니금 100g,67500,0.1000,675.0000,21701.7377,67500.0000,"2025-05-19 14:59:17","2025-05-19 14:59:17",NULL,N
423,"2021-09-13",KRW,미니금 100g,67540,0.1000,675.4000,21714.5980,67540.0000,"2025-05-19 14:59:17","2025-05-19 14:59:17",NULL,N
424,"2021-09-14",KRW,미니금 100g,67360,0.1000,673.6000,21656.7267,67360.0000,"2025-05-19 14:59:17","2025-05-19 14:59:17",NULL,N
425,"2021-09-15",KRW,미니금 100g,67620,0.1000,676.2000,21740.3186,67620.0000,"2025-05-19 14:59:17","2025-05-19 14:59:17",NULL,N
426,"2021-09-16",KRW,미니금 100g,67210,0.1000,672.1000,21608.5007,67210.0000,"2025-05-19 14:59:17","2025-05-19 14:59:17",NULL,N
427,"2021-09-17",KRW,미니금 100g,66740,0.1000,667.4000,21457.3923,66740.0000,"2025-05-19 14:59:17","2025-05-19 14:59:17",NULL,N
428,"2021-09-23",KRW,미니금 100g,66710,0.1000,667.1000,21447.7470,66710.0000,"2025-05-19 14:59:17","2025-05-19 14:59:17",NULL,N
429,"2021-09-24",KRW,미니금 100g,66450,0.1000,664.5000,21364.1552,66450.0000,"2025-05-19 14:59:17","2025-05-19 14:59:17",NULL,N
430,"2021-09-27",KRW,미니금 100g,66400,0.1000,664.0000,21348.0798,66400.0000,"2025-05-19 14:59:17","2025-05-19 14:59:17",NULL,N
431,"2021-09-28",KRW,미니금 100g,66550,0.1000,665.5000,21396.3059,66550.0000,"2025-05-19 14:59:17","2025-05-19 14:59:17",NULL,N
432,"2021-09-29",KRW,미니금 100g,66380,0.1000,663.8000,21341.6497,66380.0000,"2025-05-19 14:59:17","2025-05-19 14:59:17",NULL,N
433,"2021-09-30",KRW,미니금 100g,66110,0.1000,661.1000,21254.8427,66110.0000,"2025-05-19 14:59:17","2025-05-19 14:59:17",NULL,N
434,"2021-10-01",KRW,미니금 100g,66890,0.1000,668.9000,21505.6183,66890.0000,"2025-05-19 14:59:17","2025-05-19 14:59:17",NULL,N
435,"2021-10-05",KRW,미니금 100g,67350,0.1000,673.5000,21653.5117,67350.0000,"2025-05-19 14:59:17","2025-05-19 14:59:17",NULL,N
436,"2021-10-06",KRW,미니금 100g,67360,0.1000,673.6000,21656.7267,67360.0000,"2025-05-19 14:59:17","2025-05-19 14:59:17",NULL,N
437,"2021-10-07",KRW,미니금 100g,67410,0.1000,674.1000,21672.8021,67410.0000,"2025-05-19 14:59:17","2025-05-19 14:59:17",NULL,N
438,"2021-10-08",KRW,미니금 100g,67500,0.1000,675.0000,21701.7377,67500.0000,"2025-05-19 14:59:17","2025-05-19 14:59:17",NULL,N
439,"2021-10-12",KRW,미니금 100g,67900,0.1000,679.0000,21830.3406,67900.0000,"2025-05-19 14:59:17","2025-05-19 14:59:17",NULL,N
440,"2021-10-13",KRW,미니금 100g,67640,0.1000,676.4000,21746.7488,67640.0000,"2025-05-19 14:59:17","2025-05-19 14:59:17",NULL,N
441,"2021-10-14",KRW,미니금 100g,68150,0.1000,681.5000,21910.7174,68150.0000,"2025-05-19 14:59:17","2025-05-19 14:59:17",NULL,N
442,"2021-10-15",KRW,미니금 100g,68040,0.1000,680.4000,21875.3516,68040.0000,"2025-05-19 14:59:17","2025-05-19 14:59:17",NULL,N
443,"2021-10-18",KRW,미니금 100g,67420,0.1000,674.2000,21676.0172,67420.0000,"2025-05-19 14:59:17","2025-05-19 14:59:17",NULL,N
444,"2021-10-19",KRW,미니금 100g,67430,0.1000,674.3000,21679.2322,67430.0000,"2025-05-19 14:59:17","2025-05-19 14:59:17",NULL,N
445,"2021-10-20",KRW,미니금 100g,67110,0.1000,671.1000,21576.3499,67110.0000,"2025-05-19 14:59:17","2025-05-19 14:59:17",NULL,N
446,"2021-10-21",KRW,미니금 100g,67560,0.1000,675.6000,21721.0282,67560.0000,"2025-05-19 14:59:17","2025-05-19 14:59:17",NULL,N
447,"2021-10-22",KRW,미니금 100g,67500,0.1000,675.0000,21701.7377,67500.0000,"2025-05-19 14:59:17","2025-05-19 14:59:17",NULL,N
448,"2021-10-25",KRW,미니금 100g,67700,0.1000,677.0000,21766.0392,67700.0000,"2025-05-19 14:59:17","2025-05-19 14:59:17",NULL,N
449,"2021-10-26",KRW,미니금 100g,67700,0.1000,677.0000,21766.0392,67700.0000,"2025-05-19 14:59:17","2025-05-19 14:59:17",NULL,N
450,"2021-10-27",KRW,미니금 100g,67310,0.1000,673.1000,21640.6514,67310.0000,"2025-05-19 14:59:17","2025-05-19 14:59:17",NULL,N
451,"2021-10-28",KRW,미니금 100g,67920,0.1000,679.2000,21836.7708,67920.0000,"2025-05-19 14:59:17","2025-05-19 14:59:17",NULL,N
452,"2021-10-29",KRW,미니금 100g,67550,0.1000,675.5000,21717.8131,67550.0000,"2025-05-19 14:59:17","2025-05-19 14:59:17",NULL,N
453,"2021-11-01",KRW,미니금 100g,67700,0.1000,677.0000,21766.0392,67700.0000,"2025-05-19 14:59:17","2025-05-19 14:59:17",NULL,N
454,"2021-11-02",KRW,미니금 100g,67870,0.1000,678.7000,21820.6954,67870.0000,"2025-05-19 14:59:17","2025-05-19 14:59:17",NULL,N
455,"2021-11-03",KRW,미니금 100g,67700,0.1000,677.0000,21766.0392,67700.0000,"2025-05-19 14:59:17","2025-05-19 14:59:17",NULL,N
456,"2021-11-04",KRW,미니금 100g,67470,0.1000,674.7000,21692.0925,67470.0000,"2025-05-19 14:59:17","2025-05-19 14:59:17",NULL,N
457,"2021-11-05",KRW,미니금 100g,68410,0.1000,684.1000,21994.3093,68410.0000,"2025-05-19 14:59:17","2025-05-19 14:59:17",NULL,N
458,"2021-11-08",KRW,미니금 100g,69200,0.1000,692.0000,22248.3000,69200.0000,"2025-05-19 14:59:17","2025-05-19 14:59:17",NULL,N
459,"2021-11-09",KRW,미니금 100g,69120,0.1000,691.2000,22222.5795,69120.0000,"2025-05-19 14:59:17","2025-05-19 14:59:17",NULL,N
460,"2021-11-10",KRW,미니금 100g,69410,0.1000,694.1000,22315.8165,69410.0000,"2025-05-19 14:59:17","2025-05-19 14:59:17",NULL,N
461,"2021-11-11",KRW,미니금 100g,70400,0.1000,704.0000,22634.1087,70400.0000,"2025-05-19 14:59:17","2025-05-19 14:59:17",NULL,N
462,"2021-11-12",KRW,미니금 100g,70440,0.1000,704.4000,22646.9690,70440.0000,"2025-05-19 14:59:17","2025-05-19 14:59:17",NULL,N
463,"2021-11-15",KRW,미니금 100g,70410,0.1000,704.1000,22637.3238,70410.0000,"2025-05-19 14:59:17","2025-05-19 14:59:17",NULL,N
464,"2021-11-16",KRW,미니금 100g,70610,0.1000,706.1000,22701.6252,70610.0000,"2025-05-19 14:59:17","2025-05-19 14:59:17",NULL,N
465,"2021-11-17",KRW,미니금 100g,70510,0.1000,705.1000,22669.4745,70510.0000,"2025-05-19 14:59:17","2025-05-19 14:59:17",NULL,N
466,"2021-11-18",KRW,미니금 100g,70660,0.1000,706.6000,22717.7006,70660.0000,"2025-05-19 14:59:17","2025-05-19 14:59:17",NULL,N
467,"2021-11-19",KRW,미니금 100g,70660,0.1000,706.6000,22717.7006,70660.0000,"2025-05-19 14:59:17","2025-05-19 14:59:17",NULL,N
468,"2021-11-22",KRW,미니금 100g,70270,0.1000,702.7000,22592.3128,70270.0000,"2025-05-19 14:59:17","2025-05-19 14:59:17",NULL,N
469,"2021-11-23",KRW,미니금 100g,69110,0.1000,691.1000,22219.3644,69110.0000,"2025-05-19 14:59:17","2025-05-19 14:59:17",NULL,N
470,"2021-11-24",KRW,미니금 100g,68480,0.1000,684.8000,22016.8148,68480.0000,"2025-05-19 14:59:17","2025-05-19 14:59:17",NULL,N
471,"2021-11-25",KRW,미니금 100g,68650,0.1000,686.5000,22071.4711,68650.0000,"2025-05-19 14:59:17","2025-05-19 14:59:17",NULL,N
472,"2021-11-26",KRW,미니금 100g,69020,0.1000,690.2000,22190.4287,69020.0000,"2025-05-19 14:59:17","2025-05-19 14:59:17",NULL,N
473,"2021-11-29",KRW,미니금 100g,69100,0.1000,691.0000,22216.1493,69100.0000,"2025-05-19 14:59:17","2025-05-19 14:59:17",NULL,N
474,"2021-11-30",KRW,미니금 100g,68800,0.1000,688.0000,22119.6971,68800.0000,"2025-05-19 14:59:17","2025-05-19 14:59:17",NULL,N
475,"2021-12-01",KRW,미니금 100g,68110,0.1000,681.1000,21897.8572,68110.0000,"2025-05-19 14:59:17","2025-05-19 14:59:17",NULL,N
476,"2021-12-02",KRW,미니금 100g,67560,0.1000,675.6000,21721.0282,67560.0000,"2025-05-19 14:59:17","2025-05-19 14:59:17",NULL,N
477,"2021-12-03",KRW,미니금 100g,67760,0.1000,677.6000,21785.3296,67760.0000,"2025-05-19 14:59:17","2025-05-19 14:59:17",NULL,N
478,"2021-12-06",KRW,미니금 100g,68030,0.1000,680.3000,21872.1366,68030.0000,"2025-05-19 14:59:17","2025-05-19 14:59:17",NULL,N
479,"2021-12-07",KRW,미니금 100g,67910,0.1000,679.1000,21833.5557,67910.0000,"2025-05-19 14:59:17","2025-05-19 14:59:17",NULL,N
480,"2021-12-08",KRW,미니금 100g,68100,0.1000,681.0000,21894.6421,68100.0000,"2025-05-19 14:59:17","2025-05-19 14:59:17",NULL,N
481,"2021-12-09",KRW,미니금 100g,67770,0.1000,677.7000,21788.5447,67770.0000,"2025-05-19 14:59:17","2025-05-19 14:59:17",NULL,N
482,"2021-12-10",KRW,미니금 100g,67740,0.1000,677.4000,21778.8995,67740.0000,"2025-05-19 14:59:17","2025-05-19 14:59:17",NULL,N
483,"2021-12-13",KRW,미니금 100g,68000,0.1000,680.0000,21862.4914,68000.0000,"2025-05-19 14:59:17","2025-05-19 14:59:17",NULL,N
484,"2021-12-14",KRW,미니금 100g,68060,0.1000,680.6000,21881.7818,68060.0000,"2025-05-19 14:59:17","2025-05-19 14:59:17",NULL,N
485,"2021-12-15",KRW,미니금 100g,67650,0.1000,676.5000,21749.9638,67650.0000,"2025-05-19 14:59:17","2025-05-19 14:59:17",NULL,N
486,"2021-12-16",KRW,미니금 100g,68100,0.1000,681.0000,21894.6421,68100.0000,"2025-05-19 14:59:17","2025-05-19 14:59:17",NULL,N
487,"2021-12-17",KRW,미니금 100g,68770,0.1000,687.7000,22110.0519,68770.0000,"2025-05-19 14:59:17","2025-05-19 14:59:17",NULL,N
488,"2021-12-20",KRW,미니금 100g,69170,0.1000,691.7000,22238.6548,69170.0000,"2025-05-19 14:59:17","2025-05-19 14:59:17",NULL,N
489,"2021-12-21",KRW,미니금 100g,68720,0.1000,687.2000,22093.9766,68720.0000,"2025-05-19 14:59:17","2025-05-19 14:59:17",NULL,N
490,"2021-12-22",KRW,미니금 100g,68710,0.1000,687.1000,22090.7615,68710.0000,"2025-05-19 14:59:17","2025-05-19 14:59:17",NULL,N
491,"2021-12-23",KRW,미니금 100g,68970,0.1000,689.7000,22174.3534,68970.0000,"2025-05-19 14:59:17","2025-05-19 14:59:17",NULL,N
492,"2021-12-24",KRW,미니금 100g,69200,0.1000,692.0000,22248.3000,69200.0000,"2025-05-19 14:59:17","2025-05-19 14:59:17",NULL,N
493,"2021-12-27",KRW,미니금 100g,69080,0.1000,690.8000,22209.7192,69080.0000,"2025-05-19 14:59:17","2025-05-19 14:59:17",NULL,N
494,"2021-12-28",KRW,미니금 100g,69310,0.1000,693.1000,22283.6658,69310.0000,"2025-05-19 14:59:17","2025-05-19 14:59:17",NULL,N
495,"2021-12-29",KRW,미니금 100g,69100,0.1000,691.0000,22216.1493,69100.0000,"2025-05-19 14:59:17","2025-05-19 14:59:17",NULL,N
496,"2021-12-30",KRW,미니금 100g,68850,0.1000,688.5000,22135.7725,68850.0000,"2025-05-19 14:59:17","2025-05-19 14:59:17",NULL,N
497,"2022-01-03",KRW,미니금 100g,69970,0.1000,699.7000,22495.8606,69970.0000,"2025-05-19 14:59:17","2025-05-19 14:59:17",NULL,N
498,"2022-01-04",KRW,미니금 100g,69450,0.1000,694.5000,22328.6768,69450.0000,"2025-05-19 14:59:17","2025-05-19 14:59:17",NULL,N
499,"2022-01-05",KRW,미니금 100g,70000,0.1000,700.0000,22505.5058,70000.0000,"2025-05-19 14:59:17","2025-05-19 14:59:17",NULL,N
500,"2022-01-06",KRW,미니금 100g,69660,0.1000,696.6000,22396.1934,69660.0000,"2025-05-19 14:59:17","2025-05-19 14:59:17",NULL,N
501,"2022-01-07",KRW,미니금 100g,69310,0.1000,693.1000,22283.6658,69310.0000,"2025-05-19 14:59:17","2025-05-19 14:59:17",NULL,N
502,"2022-01-10",KRW,미니금 100g,69200,0.1000,692.0000,22248.3000,69200.0000,"2025-05-19 14:59:17","2025-05-19 14:59:17",NULL,N
503,"2022-01-11",KRW,미니금 100g,69480,0.1000,694.8000,22338.3221,69480.0000,"2025-05-19 14:59:17","2025-05-19 14:59:17",NULL,N
504,"2022-01-12",KRW,미니금 100g,69690,0.1000,696.9000,22405.8386,69690.0000,"2025-05-19 14:59:17","2025-05-19 14:59:17",NULL,N
505,"2022-01-13",KRW,미니금 100g,69770,0.1000,697.7000,22431.5591,69770.0000,"2025-05-19 14:59:17","2025-05-19 14:59:17",NULL,N
506,"2022-01-14",KRW,미니금 100g,69690,0.1000,696.9000,22405.8386,69690.0000,"2025-05-19 14:59:17","2025-05-19 14:59:17",NULL,N
507,"2022-01-17",KRW,미니금 100g,69670,0.1000,696.7000,22399.4084,69670.0000,"2025-05-19 14:59:17","2025-05-19 14:59:17",NULL,N
508,"2022-01-18",KRW,미니금 100g,69510,0.1000,695.1000,22347.9673,69510.0000,"2025-05-19 14:59:17","2025-05-19 14:59:17",NULL,N
509,"2022-01-19",KRW,미니금 100g,69450,0.1000,694.5000,22328.6768,69450.0000,"2025-05-19 14:59:17","2025-05-19 14:59:17",NULL,N
510,"2022-01-20",KRW,미니금 100g,70400,0.1000,704.0000,22634.1087,70400.0000,"2025-05-19 14:59:17","2025-05-19 14:59:17",NULL,N
511,"2022-01-21",KRW,미니금 100g,70530,0.1000,705.3000,22675.9046,70530.0000,"2025-05-19 14:59:17","2025-05-19 14:59:17",NULL,N
512,"2022-01-24",KRW,미니금 100g,70610,0.1000,706.1000,22701.6252,70610.0000,"2025-05-19 14:59:17","2025-05-19 14:59:17",NULL,N
513,"2022-01-25",KRW,미니금 100g,70830,0.1000,708.3000,22772.3568,70830.0000,"2025-05-19 14:59:17","2025-05-19 14:59:17",NULL,N
514,"2022-01-26",KRW,미니금 100g,70980,0.1000,709.8000,22820.5829,70980.0000,"2025-05-19 14:59:17","2025-05-19 14:59:17",NULL,N
515,"2022-01-27",KRW,미니금 100g,70160,0.1000,701.6000,22556.9470,70160.0000,"2025-05-19 14:59:17","2025-05-19 14:59:17",NULL,N
516,"2022-01-28",KRW,미니금 100g,69850,0.1000,698.5000,22457.2797,69850.0000,"2025-05-19 14:59:17","2025-05-19 14:59:17",NULL,N
517,"2022-02-03",KRW,미니금 100g,70010,0.1000,700.1000,22508.7209,70010.0000,"2025-05-19 14:59:17","2025-05-19 14:59:17",NULL,N
518,"2022-02-04",KRW,미니금 100g,69750,0.1000,697.5000,22425.1290,69750.0000,"2025-05-19 14:59:17","2025-05-19 14:59:17",NULL,N
519,"2022-02-07",KRW,미니금 100g,70000,0.1000,700.0000,22505.5058,70000.0000,"2025-05-19 14:59:17","2025-05-19 14:59:17",NULL,N
520,"2022-02-08",KRW,미니금 100g,70220,0.1000,702.2000,22576.2374,70220.0000,"2025-05-19 14:59:17","2025-05-19 14:59:17",NULL,N
521,"2022-02-09",KRW,미니금 100g,70300,0.1000,703.0000,22601.9580,70300.0000,"2025-05-19 14:59:17","2025-05-19 14:59:17",NULL,N
522,"2022-02-10",KRW,미니금 100g,70500,0.1000,705.0000,22666.2594,70500.0000,"2025-05-19 14:59:17","2025-05-19 14:59:17",NULL,N
523,"2022-02-11",KRW,미니금 100g,70400,0.1000,704.0000,22634.1087,70400.0000,"2025-05-19 14:59:17","2025-05-19 14:59:17",NULL,N
524,"2022-02-14",KRW,미니금 100g,71200,0.1000,712.0000,22891.3145,71200.0000,"2025-05-19 14:59:17","2025-05-19 14:59:17",NULL,N
525,"2022-02-15",KRW,미니금 100g,72320,0.1000,723.2000,23251.4026,72320.0000,"2025-05-19 14:59:17","2025-05-19 14:59:17",NULL,N
526,"2022-02-16",KRW,미니금 100g,71260,0.1000,712.6000,22910.6049,71260.0000,"2025-05-19 14:59:17","2025-05-19 14:59:17",NULL,N
527,"2022-02-17",KRW,미니금 100g,72160,0.1000,721.6000,23199.9614,72160.0000,"2025-05-19 14:59:17","2025-05-19 14:59:17",NULL,N
528,"2022-02-18",KRW,미니금 100g,72500,0.1000,725.0000,23309.2739,72500.0000,"2025-05-19 14:59:17","2025-05-19 14:59:17",NULL,N
529,"2022-02-21",KRW,미니금 100g,72330,0.1000,723.3000,23254.6176,72330.0000,"2025-05-19 14:59:17","2025-05-19 14:59:17",NULL,N
530,"2022-02-22",KRW,미니금 100g,73000,0.1000,730.0000,23470.0275,73000.0000,"2025-05-19 14:59:17","2025-05-19 14:59:17",NULL,N
531,"2022-02-23",KRW,미니금 100g,72730,0.1000,727.3000,23383.2205,72730.0000,"2025-05-19 14:59:17","2025-05-19 14:59:17",NULL,N
532,"2022-02-24",KRW,미니금 100g,74670,0.1000,746.7000,24006.9446,74670.0000,"2025-05-19 14:59:17","2025-05-19 14:59:17",NULL,N
533,"2022-02-25",KRW,미니금 100g,73630,0.1000,736.3000,23672.5770,73630.0000,"2025-05-19 14:59:17","2025-05-19 14:59:17",NULL,N
534,"2022-02-28",KRW,미니금 100g,73550,0.1000,735.5000,23646.8565,73550.0000,"2025-05-19 14:59:17","2025-05-19 14:59:17",NULL,N
535,"2022-03-02",KRW,미니금 100g,74570,0.1000,745.7000,23974.7938,74570.0000,"2025-05-19 14:59:17","2025-05-19 14:59:17",NULL,N
536,"2022-03-03",KRW,미니금 100g,74100,0.1000,741.0000,23823.6854,74100.0000,"2025-05-19 14:59:17","2025-05-19 14:59:17",NULL,N
537,"2022-03-04",KRW,미니금 100g,74770,0.1000,747.7000,24039.0953,74770.0000,"2025-05-19 14:59:17","2025-05-19 14:59:17",NULL,N
538,"2022-03-07",KRW,미니금 100g,77140,0.1000,771.4000,24801.0674,77140.0000,"2025-05-19 14:59:17","2025-05-19 14:59:17",NULL,N
539,"2022-03-08",KRW,미니금 100g,78300,0.1000,783.0000,25174.0158,78300.0000,"2025-05-19 14:59:17","2025-05-19 14:59:17",NULL,N
540,"2022-03-10",KRW,미니금 100g,77050,0.1000,770.5000,24772.1318,77050.0000,"2025-05-19 14:59:17","2025-05-19 14:59:17",NULL,N
541,"2022-03-11",KRW,미니금 100g,77230,0.1000,772.3000,24830.0031,77230.0000,"2025-05-19 14:59:17","2025-05-19 14:59:17",NULL,N
542,"2022-03-14",KRW,미니금 100g,77570,0.1000,775.7000,24939.3155,77570.0000,"2025-05-19 14:59:17","2025-05-19 14:59:17",NULL,N
543,"2022-03-15",KRW,미니금 100g,76150,0.1000,761.5000,24482.7753,76150.0000,"2025-05-19 14:59:17","2025-05-19 14:59:17",NULL,N
544,"2022-03-16",KRW,미니금 100g,75360,0.1000,753.6000,24228.7845,75360.0000,"2025-05-19 14:59:17","2025-05-19 14:59:17",NULL,N
545,"2022-03-17",KRW,미니금 100g,74500,0.1000,745.0000,23952.2883,74500.0000,"2025-05-19 14:59:17","2025-05-19 14:59:17",NULL,N
546,"2022-03-18",KRW,미니금 100g,74500,0.1000,745.0000,23952.2883,74500.0000,"2025-05-19 14:59:17","2025-05-19 14:59:17",NULL,N
547,"2022-03-21",KRW,미니금 100g,74800,0.1000,748.0000,24048.7405,74800.0000,"2025-05-19 14:59:17","2025-05-19 14:59:17",NULL,N
548,"2022-03-22",KRW,미니금 100g,75490,0.1000,754.9000,24270.5805,75490.0000,"2025-05-19 14:59:17","2025-05-19 14:59:17",NULL,N
549,"2022-03-23",KRW,미니금 100g,74450,0.1000,744.5000,23936.2130,74450.0000,"2025-05-19 14:59:17","2025-05-19 14:59:17",NULL,N
550,"2022-03-24",KRW,미니금 100g,75210,0.1000,752.1000,24180.5585,75210.0000,"2025-05-19 14:59:17","2025-05-19 14:59:17",NULL,N
551,"2022-03-25",KRW,미니금 100g,75820,0.1000,758.2000,24376.6779,75820.0000,"2025-05-19 14:59:17","2025-05-19 14:59:17",NULL,N
552,"2022-03-28",KRW,미니금 100g,75470,0.1000,754.7000,24264.1503,75470.0000,"2025-05-19 14:59:17","2025-05-19 14:59:17",NULL,N
553,"2022-03-29",KRW,미니금 100g,75100,0.1000,751.0000,24145.1927,75100.0000,"2025-05-19 14:59:17","2025-05-19 14:59:17",NULL,N
554,"2022-03-30",KRW,미니금 100g,74720,0.1000,747.2000,24023.0199,74720.0000,"2025-05-19 14:59:17","2025-05-19 14:59:17",NULL,N
555,"2022-03-31",KRW,미니금 100g,74380,0.1000,743.8000,23913.7075,74380.0000,"2025-05-19 14:59:17","2025-05-19 14:59:17",NULL,N
556,"2022-04-01",KRW,미니금 100g,75150,0.1000,751.5000,24161.2680,75150.0000,"2025-05-19 14:59:17","2025-05-19 14:59:17",NULL,N
557,"2022-04-04",KRW,미니금 100g,74770,0.1000,747.7000,24039.0953,74770.0000,"2025-05-19 14:59:17","2025-05-19 14:59:17",NULL,N
558,"2022-04-05",KRW,미니금 100g,75000,0.1000,750.0000,24113.0419,75000.0000,"2025-05-19 14:59:17","2025-05-19 14:59:17",NULL,N
559,"2022-04-06",KRW,미니금 100g,75090,0.1000,750.9000,24141.9776,75090.0000,"2025-05-19 14:59:17","2025-05-19 14:59:17",NULL,N
560,"2022-04-07",KRW,미니금 100g,75240,0.1000,752.4000,24190.2037,75240.0000,"2025-05-19 14:59:17","2025-05-19 14:59:17",NULL,N
561,"2022-04-08",KRW,미니금 100g,75700,0.1000,757.0000,24338.0970,75700.0000,"2025-05-19 14:59:17","2025-05-19 14:59:17",NULL,N
562,"2022-04-11",KRW,미니금 100g,76630,0.1000,766.3000,24637.0987,76630.0000,"2025-05-19 14:59:17","2025-05-19 14:59:17",NULL,N
563,"2022-04-12",KRW,미니금 100g,77200,0.1000,772.0000,24820.3578,77200.0000,"2025-05-19 14:59:17","2025-05-19 14:59:17",NULL,N
564,"2022-04-13",KRW,미니금 100g,77050,0.1000,770.5000,24772.1318,77050.0000,"2025-05-19 14:59:17","2025-05-19 14:59:17",NULL,N
565,"2022-04-14",KRW,미니금 100g,77170,0.1000,771.7000,24810.7126,77170.0000,"2025-05-19 14:59:17","2025-05-19 14:59:17",NULL,N
566,"2022-04-15",KRW,미니금 100g,77450,0.1000,774.5000,24900.7346,77450.0000,"2025-05-19 14:59:17","2025-05-19 14:59:17",NULL,N
567,"2022-04-18",KRW,미니금 100g,78290,0.1000,782.9000,25170.8007,78290.0000,"2025-05-19 14:59:17","2025-05-19 14:59:17",NULL,N
568,"2022-04-19",KRW,미니금 100g,78190,0.1000,781.9000,25138.6500,78190.0000,"2025-05-19 14:59:17","2025-05-19 14:59:17",NULL,N
569,"2022-04-20",KRW,미니금 100g,76750,0.1000,767.5000,24675.6796,76750.0000,"2025-05-19 14:59:17","2025-05-19 14:59:17",NULL,N
570,"2022-04-21",KRW,미니금 100g,77280,0.1000,772.8000,24846.0784,77280.0000,"2025-05-19 14:59:17","2025-05-19 14:59:17",NULL,N
571,"2022-04-22",KRW,미니금 100g,77490,0.1000,774.9000,24913.5949,77490.0000,"2025-05-19 14:59:17","2025-05-19 14:59:17",NULL,N
572,"2022-04-25",KRW,미니금 100g,76810,0.1000,768.1000,24694.9700,76810.0000,"2025-05-19 14:59:17","2025-05-19 14:59:17",NULL,N
573,"2022-04-26",KRW,미니금 100g,76400,0.1000,764.0000,24563.1521,76400.0000,"2025-05-19 14:59:17","2025-05-19 14:59:17",NULL,N
574,"2022-04-27",KRW,미니금 100g,76800,0.1000,768.0000,24691.7549,76800.0000,"2025-05-19 14:59:17","2025-05-19 14:59:17",NULL,N
575,"2022-04-28",KRW,미니금 100g,76550,0.1000,765.5000,24611.3781,76550.0000,"2025-05-19 14:59:17","2025-05-19 14:59:17",NULL,N
576,"2022-04-29",KRW,미니금 100g,76790,0.1000,767.9000,24688.5399,76790.0000,"2025-05-19 14:59:17","2025-05-19 14:59:17",NULL,N
577,"2022-05-02",KRW,금 99.99_1Kg,76700,1.0000,76.7000,2465.9604,76700.0000,"2025-05-19 14:59:17","2025-05-19 14:59:17",NULL,N
578,"2022-05-02",KRW,미니금 99.99_100g,76640,0.1000,766.4000,24640.3138,76640.0000,"2025-05-19 14:59:17","2025-05-19 14:59:17",NULL,N
579,"2022-05-03",KRW,금 99.99_1Kg,75940,1.0000,75.9400,2441.5259,75940.0000,"2025-05-19 14:59:17","2025-05-19 14:59:17",NULL,N
580,"2022-05-03",KRW,미니금 99.99_100g,75710,0.1000,757.1000,24341.3121,75710.0000,"2025-05-19 14:59:17","2025-05-19 14:59:17",NULL,N
581,"2022-05-04",KRW,금 99.99_1Kg,75940,1.0000,75.9400,2441.5259,75940.0000,"2025-05-19 14:59:17","2025-05-19 14:59:17",NULL,N
582,"2022-05-04",KRW,미니금 99.99_100g,75720,0.1000,757.2000,24344.5271,75720.0000,"2025-05-19 14:59:17","2025-05-19 14:59:17",NULL,N
583,"2022-05-06",KRW,금 99.99_1Kg,76790,1.0000,76.7900,2468.8540,76790.0000,"2025-05-19 14:59:17","2025-05-19 14:59:17",NULL,N
584,"2022-05-06",KRW,미니금 99.99_100g,76600,0.1000,766.0000,24627.4535,76600.0000,"2025-05-19 14:59:17","2025-05-19 14:59:17",NULL,N
585,"2022-05-09",KRW,금 99.99_1Kg,76700,1.0000,76.7000,2465.9604,76700.0000,"2025-05-19 14:59:17","2025-05-19 14:59:17",NULL,N
586,"2022-05-09",KRW,미니금 99.99_100g,76550,0.1000,765.5000,24611.3781,76550.0000,"2025-05-19 14:59:17","2025-05-19 14:59:17",NULL,N
587,"2022-05-10",KRW,금 99.99_1Kg,76460,1.0000,76.4600,2458.2442,76460.0000,"2025-05-19 14:59:17","2025-05-19 14:59:17",NULL,N
588,"2022-05-10",KRW,미니금 99.99_100g,76260,0.1000,762.6000,24518.1410,76260.0000,"2025-05-19 14:59:17","2025-05-19 14:59:17",NULL,N
589,"2022-05-11",KRW,금 99.99_1Kg,75710,1.0000,75.7100,2434.1312,75710.0000,"2025-05-19 14:59:17","2025-05-19 14:59:17",NULL,N
590,"2022-05-11",KRW,미니금 99.99_100g,75430,0.1000,754.3000,24251.2900,75430.0000,"2025-05-19 14:59:17","2025-05-19 14:59:17",NULL,N
591,"2022-05-12",KRW,금 99.99_1Kg,76670,1.0000,76.6700,2464.9959,76670.0000,"2025-05-19 14:59:17","2025-05-19 14:59:17",NULL,N
592,"2022-05-12",KRW,미니금 99.99_100g,76520,0.1000,765.2000,24601.7329,76520.0000,"2025-05-19 14:59:17","2025-05-19 14:59:17",NULL,N
593,"2022-05-13",KRW,금 99.99_1Kg,75510,1.0000,75.5100,2427.7011,75510.0000,"2025-05-19 14:59:17","2025-05-19 14:59:17",NULL,N
594,"2022-05-13",KRW,미니금 99.99_100g,75330,0.1000,753.3000,24219.1393,75330.0000,"2025-05-19 14:59:17","2025-05-19 14:59:17",NULL,N
595,"2022-05-16",KRW,금 99.99_1Kg,74830,1.0000,74.8300,2405.8386,74830.0000,"2025-05-19 14:59:17","2025-05-19 14:59:17",NULL,N
596,"2022-05-16",KRW,미니금 99.99_100g,74630,0.1000,746.3000,23994.0843,74630.0000,"2025-05-19 14:59:17","2025-05-19 14:59:17",NULL,N
597,"2022-05-17",KRW,금 99.99_1Kg,75100,1.0000,75.1000,2414.5193,75100.0000,"2025-05-19 14:59:17","2025-05-19 14:59:17",NULL,N
598,"2022-05-17",KRW,미니금 99.99_100g,74960,0.1000,749.6000,24100.1817,74960.0000,"2025-05-19 14:59:17","2025-05-19 14:59:17",NULL,N
599,"2022-05-18",KRW,금 99.99_1Kg,74020,1.0000,74.0200,2379.7965,74020.0000,"2025-05-19 14:59:17","2025-05-19 14:59:17",NULL,N
600,"2022-05-18",KRW,미니금 99.99_100g,73940,0.1000,739.4000,23772.2443,73940.0000,"2025-05-19 14:59:17","2025-05-19 14:59:17",NULL,N
601,"2022-05-19",KRW,금 99.99_1Kg,74530,1.0000,74.5300,2396.1934,74530.0000,"2025-05-19 14:59:17","2025-05-19 14:59:17",NULL,N
602,"2022-05-19",KRW,미니금 99.99_100g,74370,0.1000,743.7000,23910.4924,74370.0000,"2025-05-19 14:59:17","2025-05-19 14:59:17",NULL,N
603,"2022-05-20",KRW,금 99.99_1Kg,75320,1.0000,75.3200,2421.5924,75320.0000,"2025-05-19 14:59:17","2025-05-19 14:59:17",NULL,N
604,"2022-05-20",KRW,미니금 99.99_100g,75150,0.1000,751.5000,24161.2680,75150.0000,"2025-05-19 14:59:17","2025-05-19 14:59:17",NULL,N
605,"2022-05-23",KRW,금 99.99_1Kg,75530,1.0000,75.5300,2428.3441,75530.0000,"2025-05-19 14:59:17","2025-05-19 14:59:17",NULL,N
606,"2022-05-23",KRW,미니금 99.99_100g,75420,0.1000,754.2000,24248.0750,75420.0000,"2025-05-19 14:59:17","2025-05-19 14:59:17",NULL,N
607,"2022-05-24",KRW,금 99.99_1Kg,75450,1.0000,75.4500,2425.7720,75450.0000,"2025-05-19 14:59:17","2025-05-19 14:59:17",NULL,N
608,"2022-05-24",KRW,미니금 99.99_100g,75220,0.1000,752.2000,24183.7735,75220.0000,"2025-05-19 14:59:17","2025-05-19 14:59:17",NULL,N
609,"2022-05-25",KRW,금 99.99_1Kg,75730,1.0000,75.7300,2434.7742,75730.0000,"2025-05-19 14:59:17","2025-05-19 14:59:17",NULL,N
610,"2022-05-25",KRW,미니금 99.99_100g,75610,0.1000,756.1000,24309.1613,75610.0000,"2025-05-19 14:59:17","2025-05-19 14:59:17",NULL,N
611,"2022-05-26",KRW,금 99.99_1Kg,75380,1.0000,75.3800,2423.5215,75380.0000,"2025-05-19 14:59:17","2025-05-19 14:59:17",NULL,N
612,"2022-05-26",KRW,미니금 99.99_100g,75220,0.1000,752.2000,24183.7735,75220.0000,"2025-05-19 14:59:17","2025-05-19 14:59:17",NULL,N
613,"2022-05-27",KRW,금 99.99_1Kg,75100,1.0000,75.1000,2414.5193,75100.0000,"2025-05-19 14:59:17","2025-05-19 14:59:17",NULL,N
614,"2022-05-27",KRW,미니금 99.99_100g,74790,0.1000,747.9000,24045.5254,74790.0000,"2025-05-19 14:59:17","2025-05-19 14:59:17",NULL,N
615,"2022-05-30",KRW,금 99.99_1Kg,74510,1.0000,74.5100,2395.5503,74510.0000,"2025-05-19 14:59:17","2025-05-19 14:59:17",NULL,N
616,"2022-05-30",KRW,미니금 99.99_100g,74350,0.1000,743.5000,23904.0622,74350.0000,"2025-05-19 14:59:17","2025-05-19 14:59:17",NULL,N
617,"2022-05-31",KRW,금 99.99_1Kg,74100,1.0000,74.1000,2382.3685,74100.0000,"2025-05-19 14:59:17","2025-05-19 14:59:17",NULL,N
618,"2022-05-31",KRW,미니금 99.99_100g,73850,0.1000,738.5000,23743.3086,73850.0000,"2025-05-19 14:59:17","2025-05-19 14:59:17",NULL,N
619,"2022-06-02",KRW,금 99.99_1Kg,74510,1.0000,74.5100,2395.5503,74510.0000,"2025-05-19 14:59:17","2025-05-19 14:59:17",NULL,N
620,"2022-06-02",KRW,미니금 99.99_100g,74400,0.1000,744.0000,23920.1376,74400.0000,"2025-05-19 14:59:17","2025-05-19 14:59:17",NULL,N
621,"2022-06-03",KRW,금 99.99_1Kg,74750,1.0000,74.7500,2403.2665,74750.0000,"2025-05-19 14:59:17","2025-05-19 14:59:17",NULL,N
622,"2022-06-03",KRW,미니금 99.99_100g,74390,0.1000,743.9000,23916.9225,74390.0000,"2025-05-19 14:59:17","2025-05-19 14:59:17",NULL,N
623,"2022-06-07",KRW,금 99.99_1Kg,74600,1.0000,74.6000,2398.4439,74600.0000,"2025-05-19 14:59:17","2025-05-19 14:59:17",NULL,N
624,"2022-06-07",KRW,미니금 99.99_100g,74400,0.1000,744.0000,23920.1376,74400.0000,"2025-05-19 14:59:17","2025-05-19 14:59:17",NULL,N
625,"2022-06-08",KRW,금 99.99_1Kg,74860,1.0000,74.8600,2406.8031,74860.0000,"2025-05-19 14:59:17","2025-05-19 14:59:17",NULL,N
626,"2022-06-08",KRW,미니금 99.99_100g,74620,0.1000,746.2000,23990.8692,74620.0000,"2025-05-19 14:59:17","2025-05-19 14:59:17",NULL,N
627,"2022-06-09",KRW,금 99.99_1Kg,74970,1.0000,74.9700,2410.3397,74970.0000,"2025-05-19 14:59:17","2025-05-19 14:59:17",NULL,N
628,"2022-06-09",KRW,미니금 99.99_100g,74840,0.1000,748.4000,24061.6008,74840.0000,"2025-05-19 14:59:17","2025-05-19 14:59:17",NULL,N
629,"2022-06-10",KRW,금 99.99_1Kg,75310,1.0000,75.3100,2421.2709,75310.0000,"2025-05-19 14:59:17","2025-05-19 14:59:17",NULL,N
630,"2022-06-10",KRW,미니금 99.99_100g,75060,0.1000,750.6000,24132.3324,75060.0000,"2025-05-19 14:59:17","2025-05-19 14:59:17",NULL,N
631,"2022-06-13",KRW,금 99.99_1Kg,76920,1.0000,76.9200,2473.0336,76920.0000,"2025-05-19 14:59:17","2025-05-19 14:59:17",NULL,N
632,"2022-06-13",KRW,미니금 99.99_100g,76680,0.1000,766.8000,24653.1741,76680.0000,"2025-05-19 14:59:17","2025-05-19 14:59:17",NULL,N
633,"2022-06-14",KRW,금 99.99_1Kg,75740,1.0000,75.7400,2435.0957,75740.0000,"2025-05-19 14:59:17","2025-05-19 14:59:17",NULL,N
634,"2022-06-14",KRW,미니금 99.99_100g,75520,0.1000,755.2000,24280.2257,75520.0000,"2025-05-19 14:59:17","2025-05-19 14:59:17",NULL,N
635,"2022-06-15",KRW,금 99.99_1Kg,75600,1.0000,75.6000,2430.5946,75600.0000,"2025-05-19 14:59:17","2025-05-19 14:59:17",NULL,N
636,"2022-06-15",KRW,미니금 99.99_100g,75290,0.1000,752.9000,24206.2790,75290.0000,"2025-05-19 14:59:17","2025-05-19 14:59:17",NULL,N
637,"2022-06-16",KRW,금 99.99_1Kg,75880,1.0000,75.8800,2439.5968,75880.0000,"2025-05-19 14:59:17","2025-05-19 14:59:17",NULL,N
638,"2022-06-16",KRW,미니금 99.99_100g,75560,0.1000,755.6000,24293.0860,75560.0000,"2025-05-19 14:59:17","2025-05-19 14:59:17",NULL,N
639,"2022-06-17",KRW,금 99.99_1Kg,76380,1.0000,76.3800,2455.6722,76380.0000,"2025-05-19 14:59:17","2025-05-19 14:59:17",NULL,N
640,"2022-06-17",KRW,미니금 99.99_100g,76000,0.1000,760.0000,24434.5492,76000.0000,"2025-05-19 14:59:17","2025-05-19 14:59:17",NULL,N
641,"2022-06-20",KRW,금 99.99_1Kg,76480,1.0000,76.4800,2458.8873,76480.0000,"2025-05-19 14:59:17","2025-05-19 14:59:17",NULL,N
642,"2022-06-20",KRW,미니금 99.99_100g,76360,0.1000,763.6000,24550.2918,76360.0000,"2025-05-19 14:59:17","2025-05-19 14:59:17",NULL,N
643,"2022-06-21",KRW,금 99.99_1Kg,76380,1.0000,76.3800,2455.6722,76380.0000,"2025-05-19 14:59:17","2025-05-19 14:59:17",NULL,N
644,"2022-06-21",KRW,미니금 99.99_100g,76200,0.1000,762.0000,24498.8506,76200.0000,"2025-05-19 14:59:17","2025-05-19 14:59:17",NULL,N
645,"2022-06-22",KRW,금 99.99_1Kg,76240,1.0000,76.2400,2451.1711,76240.0000,"2025-05-19 14:59:17","2025-05-19 14:59:17",NULL,N
646,"2022-06-22",KRW,미니금 99.99_100g,75890,0.1000,758.9000,24399.1834,75890.0000,"2025-05-19 14:59:17","2025-05-19 14:59:17",NULL,N
647,"2022-06-23",KRW,금 99.99_1Kg,76680,1.0000,76.6800,2465.3174,76680.0000,"2025-05-19 14:59:17","2025-05-19 14:59:17",NULL,N
648,"2022-06-23",KRW,미니금 99.99_100g,76370,0.1000,763.7000,24553.5068,76370.0000,"2025-05-19 14:59:17","2025-05-19 14:59:17",NULL,N
649,"2022-06-24",KRW,금 99.99_1Kg,76270,1.0000,76.2700,2452.1356,76270.0000,"2025-05-19 14:59:17","2025-05-19 14:59:17",NULL,N
650,"2022-06-24",KRW,미니금 99.99_100g,76190,0.1000,761.9000,24495.6355,76190.0000,"2025-05-19 14:59:17","2025-05-19 14:59:17",NULL,N
651,"2022-06-27",KRW,금 99.99_1Kg,76200,1.0000,76.2000,2449.8851,76200.0000,"2025-05-19 14:59:17","2025-05-19 14:59:17",NULL,N
652,"2022-06-27",KRW,미니금 99.99_100g,75420,0.1000,754.2000,24248.0750,75420.0000,"2025-05-19 14:59:17","2025-05-19 14:59:17",NULL,N
653,"2022-06-28",KRW,금 99.99_1Kg,75680,1.0000,75.6800,2433.1667,75680.0000,"2025-05-19 14:59:17","2025-05-19 14:59:17",NULL,N
654,"2022-06-28",KRW,미니금 99.99_100g,75450,0.1000,754.5000,24257.7202,75450.0000,"2025-05-19 14:59:17","2025-05-19 14:59:17",NULL,N
655,"2022-06-29",KRW,금 99.99_1Kg,75930,1.0000,75.9300,2441.2044,75930.0000,"2025-05-19 14:59:17","2025-05-19 14:59:17",NULL,N
656,"2022-06-29",KRW,미니금 99.99_100g,75640,0.1000,756.4000,24318.8066,75640.0000,"2025-05-19 14:59:17","2025-05-19 14:59:17",NULL,N
657,"2022-06-30",KRW,금 99.99_1Kg,75960,1.0000,75.9600,2442.1689,75960.0000,"2025-05-19 14:59:17","2025-05-19 14:59:17",NULL,N
658,"2022-06-30",KRW,미니금 99.99_100g,75920,0.1000,759.2000,24408.8286,75920.0000,"2025-05-19 14:59:17","2025-05-19 14:59:17",NULL,N
659,"2022-07-01",KRW,금 99.99_1Kg,75240,1.0000,75.2400,2419.0204,75240.0000,"2025-05-19 14:59:17","2025-05-19 14:59:17",NULL,N
660,"2022-07-01",KRW,미니금 99.99_100g,74970,0.1000,749.7000,24103.3967,74970.0000,"2025-05-19 14:59:17","2025-05-19 14:59:17",NULL,N
661,"2022-07-04",KRW,금 99.99_1Kg,75700,1.0000,75.7000,2433.8097,75700.0000,"2025-05-19 14:59:17","2025-05-19 14:59:17",NULL,N
662,"2022-07-04",KRW,미니금 99.99_100g,75420,0.1000,754.2000,24248.0750,75420.0000,"2025-05-19 14:59:17","2025-05-19 14:59:17",NULL,N
663,"2022-07-05",KRW,금 99.99_1Kg,75710,1.0000,75.7100,2434.1312,75710.0000,"2025-05-19 14:59:17","2025-05-19 14:59:17",NULL,N
664,"2022-07-05",KRW,미니금 99.99_100g,75640,0.1000,756.4000,24318.8066,75640.0000,"2025-05-19 14:59:17","2025-05-19 14:59:17",NULL,N
665,"2022-07-06",KRW,금 99.99_1Kg,74490,1.0000,74.4900,2394.9073,74490.0000,"2025-05-19 14:59:17","2025-05-19 14:59:17",NULL,N
666,"2022-07-06",KRW,미니금 99.99_100g,74300,0.1000,743.0000,23887.9869,74300.0000,"2025-05-19 14:59:17","2025-05-19 14:59:17",NULL,N
667,"2022-07-07",KRW,금 99.99_1Kg,73180,1.0000,73.1800,2352.7899,73180.0000,"2025-05-19 14:59:17","2025-05-19 14:59:17",NULL,N
668,"2022-07-07",KRW,미니금 99.99_100g,73000,0.1000,730.0000,23470.0275,73000.0000,"2025-05-19 14:59:17","2025-05-19 14:59:17",NULL,N
669,"2022-07-08",KRW,금 99.99_1Kg,73080,1.0000,73.0800,2349.5748,73080.0000,"2025-05-19 14:59:17","2025-05-19 14:59:17",NULL,N
670,"2022-07-08",KRW,미니금 99.99_100g,72860,0.1000,728.6000,23425.0165,72860.0000,"2025-05-19 14:59:17","2025-05-19 14:59:17",NULL,N
671,"2022-07-11",KRW,금 99.99_1Kg,73020,1.0000,73.0200,2347.6458,73020.0000,"2025-05-19 14:59:17","2025-05-19 14:59:17",NULL,N
672,"2022-07-11",KRW,미니금 99.99_100g,72980,0.1000,729.8000,23463.5973,72980.0000,"2025-05-19 14:59:17","2025-05-19 14:59:17",NULL,N
673,"2022-07-12",KRW,금 99.99_1Kg,73110,1.0000,73.1100,2350.5393,73110.0000,"2025-05-19 14:59:17","2025-05-19 14:59:17",NULL,N
674,"2022-07-12",KRW,미니금 99.99_100g,73060,0.1000,730.6000,23489.3179,73060.0000,"2025-05-19 14:59:17","2025-05-19 14:59:17",NULL,N
675,"2022-07-13",KRW,금 99.99_1Kg,72660,1.0000,72.6600,2336.0715,72660.0000,"2025-05-19 14:59:17","2025-05-19 14:59:17",NULL,N
676,"2022-07-13",KRW,미니금 99.99_100g,72570,0.1000,725.7000,23331.7794,72570.0000,"2025-05-19 14:59:17","2025-05-19 14:59:17",NULL,N
677,"2022-07-14",KRW,금 99.99_1Kg,72860,1.0000,72.8600,2342.5016,72860.0000,"2025-05-19 14:59:17","2025-05-19 14:59:17",NULL,N
678,"2022-07-14",KRW,미니금 99.99_100g,72720,0.1000,727.2000,23380.0055,72720.0000,"2025-05-19 14:59:17","2025-05-19 14:59:17",NULL,N
679,"2022-07-15",KRW,금 99.99_1Kg,72900,1.0000,72.9000,2343.7877,72900.0000,"2025-05-19 14:59:17","2025-05-19 14:59:17",NULL,N
680,"2022-07-15",KRW,미니금 99.99_100g,72830,0.1000,728.3000,23415.3713,72830.0000,"2025-05-19 14:59:17","2025-05-19 14:59:17",NULL,N
681,"2022-07-18",KRW,금 99.99_1Kg,72820,1.0000,72.8200,2341.2156,72820.0000,"2025-05-19 14:59:17","2025-05-19 14:59:17",NULL,N
682,"2022-07-18",KRW,미니금 99.99_100g,72630,0.1000,726.3000,23351.0698,72630.0000,"2025-05-19 14:59:17","2025-05-19 14:59:17",NULL,N
683,"2022-07-19",KRW,금 99.99_1Kg,72360,1.0000,72.3600,2326.4263,72360.0000,"2025-05-19 14:59:17","2025-05-19 14:59:17",NULL,N
684,"2022-07-19",KRW,미니금 99.99_100g,72260,0.1000,722.6000,23232.1121,72260.0000,"2025-05-19 14:59:17","2025-05-19 14:59:17",NULL,N
685,"2022-07-20",KRW,금 99.99_1Kg,72200,1.0000,72.2000,2321.2822,72200.0000,"2025-05-19 14:59:17","2025-05-19 14:59:17",NULL,N
686,"2022-07-20",KRW,미니금 99.99_100g,72070,0.1000,720.7000,23171.0258,72070.0000,"2025-05-19 14:59:17","2025-05-19 14:59:17",NULL,N
687,"2022-07-21",KRW,금 99.99_1Kg,71330,1.0000,71.3300,2293.3110,71330.0000,"2025-05-19 14:59:17","2025-05-19 14:59:17",NULL,N
688,"2022-07-21",KRW,미니금 99.99_100g,71280,0.1000,712.8000,22917.0351,71280.0000,"2025-05-19 14:59:17","2025-05-19 14:59:17",NULL,N
689,"2022-07-22",KRW,금 99.99_1Kg,72390,1.0000,72.3900,2327.3908,72390.0000,"2025-05-19 14:59:17","2025-05-19 14:59:17",NULL,N
690,"2022-07-22",KRW,미니금 99.99_100g,72360,0.1000,723.6000,23264.2629,72360.0000,"2025-05-19 14:59:17","2025-05-19 14:59:17",NULL,N
691,"2022-07-25",KRW,금 99.99_1Kg,72710,1.0000,72.7100,2337.6790,72710.0000,"2025-05-19 14:59:17","2025-05-19 14:59:17",NULL,N
692,"2022-07-25",KRW,미니금 99.99_100g,72690,0.1000,726.9000,23370.3602,72690.0000,"2025-05-19 14:59:17","2025-05-19 14:59:17",NULL,N
693,"2022-07-26",KRW,금 99.99_1Kg,72600,1.0000,72.6000,2334.1425,72600.0000,"2025-05-19 14:59:17","2025-05-19 14:59:17",NULL,N
694,"2022-07-26",KRW,미니금 99.99_100g,72480,0.1000,724.8000,23302.8437,72480.0000,"2025-05-19 14:59:17","2025-05-19 14:59:17",NULL,N
695,"2022-07-27",KRW,금 99.99_1Kg,72650,1.0000,72.6500,2335.7500,72650.0000,"2025-05-19 14:59:17","2025-05-19 14:59:17",NULL,N
696,"2022-07-27",KRW,미니금 99.99_100g,72480,0.1000,724.8000,23302.8437,72480.0000,"2025-05-19 14:59:17","2025-05-19 14:59:17",NULL,N
697,"2022-07-28",KRW,금 99.99_1Kg,72870,1.0000,72.8700,2342.8232,72870.0000,"2025-05-19 14:59:17","2025-05-19 14:59:17",NULL,N
698,"2022-07-28",KRW,미니금 99.99_100g,72610,0.1000,726.1000,23344.6397,72610.0000,"2025-05-19 14:59:17","2025-05-19 14:59:17",NULL,N
699,"2022-07-29",KRW,금 99.99_1Kg,73750,1.0000,73.7500,2371.1158,73750.0000,"2025-05-19 14:59:17","2025-05-19 14:59:17",NULL,N
700,"2022-07-29",KRW,미니금 99.99_100g,73500,0.1000,735.0000,23630.7811,73500.0000,"2025-05-19 14:59:17","2025-05-19 14:59:17",NULL,N
701,"2022-08-01",KRW,금 99.99_1Kg,73850,1.0000,73.8500,2374.3309,73850.0000,"2025-05-19 14:59:17","2025-05-19 14:59:17",NULL,N
702,"2022-08-01",KRW,미니금 99.99_100g,73810,0.1000,738.1000,23730.4483,73810.0000,"2025-05-19 14:59:17","2025-05-19 14:59:17",NULL,N
703,"2022-08-02",KRW,금 99.99_1Kg,74530,1.0000,74.5300,2396.1934,74530.0000,"2025-05-19 14:59:17","2025-05-19 14:59:17",NULL,N
704,"2022-08-02",KRW,미니금 99.99_100g,74380,0.1000,743.8000,23913.7075,74380.0000,"2025-05-19 14:59:17","2025-05-19 14:59:17",NULL,N
705,"2022-08-03",KRW,금 99.99_1Kg,74480,1.0000,74.4800,2394.5858,74480.0000,"2025-05-19 14:59:17","2025-05-19 14:59:17",NULL,N
706,"2022-08-03",KRW,미니금 99.99_100g,74440,0.1000,744.4000,23932.9979,74440.0000,"2025-05-19 14:59:17","2025-05-19 14:59:17",NULL,N
707,"2022-08-04",KRW,금 99.99_1Kg,74620,1.0000,74.6200,2399.0869,74620.0000,"2025-05-19 14:59:17","2025-05-19 14:59:17",NULL,N
708,"2022-08-04",KRW,미니금 99.99_100g,74570,0.1000,745.7000,23974.7938,74570.0000,"2025-05-19 14:59:17","2025-05-19 14:59:17",NULL,N
709,"2022-08-05",KRW,금 99.99_1Kg,74660,1.0000,74.6600,2400.3729,74660.0000,"2025-05-19 14:59:17","2025-05-19 14:59:17",NULL,N
710,"2022-08-05",KRW,미니금 99.99_100g,74740,0.1000,747.4000,24029.4501,74740.0000,"2025-05-19 14:59:17","2025-05-19 14:59:17",NULL,N
711,"2022-08-08",KRW,금 99.99_1Kg,74500,1.0000,74.5000,2395.2288,74500.0000,"2025-05-19 14:59:17","2025-05-19 14:59:17",NULL,N
712,"2022-08-08",KRW,미니금 99.99_100g,74380,0.1000,743.8000,23913.7075,74380.0000,"2025-05-19 14:59:17","2025-05-19 14:59:17",NULL,N
713,"2022-08-09",KRW,금 99.99_1Kg,74810,1.0000,74.8100,2405.1956,74810.0000,"2025-05-19 14:59:17","2025-05-19 14:59:17",NULL,N
714,"2022-08-09",KRW,미니금 99.99_100g,74890,0.1000,748.9000,24077.6761,74890.0000,"2025-05-19 14:59:17","2025-05-19 14:59:17",NULL,N
715,"2022-08-10",KRW,금 99.99_1Kg,75210,1.0000,75.2100,2418.0558,75210.0000,"2025-05-19 14:59:17","2025-05-19 14:59:17",NULL,N
716,"2022-08-10",KRW,미니금 99.99_100g,75180,0.1000,751.8000,24170.9132,75180.0000,"2025-05-19 14:59:17","2025-05-19 14:59:17",NULL,N
717,"2022-08-11",KRW,금 99.99_1Kg,74650,1.0000,74.6500,2400.0514,74650.0000,"2025-05-19 14:59:17","2025-05-19 14:59:17",NULL,N
718,"2022-08-11",KRW,미니금 99.99_100g,74600,0.1000,746.0000,23984.4391,74600.0000,"2025-05-19 14:59:17","2025-05-19 14:59:17",NULL,N
719,"2022-08-12",KRW,금 99.99_1Kg,74980,1.0000,74.9800,2410.6612,74980.0000,"2025-05-19 14:59:17","2025-05-19 14:59:17",NULL,N
720,"2022-08-12",KRW,미니금 99.99_100g,74840,0.1000,748.4000,24061.6008,74840.0000,"2025-05-19 14:59:17","2025-05-19 14:59:17",NULL,N
721,"2022-08-16",KRW,금 99.99_1Kg,74920,1.0000,74.9200,2408.7321,74920.0000,"2025-05-19 14:59:17","2025-05-19 14:59:17",NULL,N
722,"2022-08-16",KRW,미니금 99.99_100g,74850,0.1000,748.5000,24064.8159,74850.0000,"2025-05-19 14:59:17","2025-05-19 14:59:17",NULL,N
723,"2022-08-17",KRW,금 99.99_1Kg,74900,1.0000,74.9000,2408.0891,74900.0000,"2025-05-19 14:59:17","2025-05-19 14:59:17",NULL,N
724,"2022-08-17",KRW,미니금 99.99_100g,74850,0.1000,748.5000,24064.8159,74850.0000,"2025-05-19 14:59:17","2025-05-19 14:59:17",NULL,N
725,"2022-08-18",KRW,금 99.99_1Kg,74850,1.0000,74.8500,2406.4816,74850.0000,"2025-05-19 14:59:17","2025-05-19 14:59:17",NULL,N
726,"2022-08-18",KRW,미니금 99.99_100g,74670,0.1000,746.7000,24006.9446,74670.0000,"2025-05-19 14:59:17","2025-05-19 14:59:17",NULL,N
727,"2022-08-19",KRW,금 99.99_1Kg,74800,1.0000,74.8000,2404.8740,74800.0000,"2025-05-19 14:59:17","2025-05-19 14:59:17",NULL,N
728,"2022-08-19",KRW,미니금 99.99_100g,74700,0.1000,747.0000,24016.5898,74700.0000,"2025-05-19 14:59:17","2025-05-19 14:59:17",NULL,N
729,"2022-08-22",KRW,금 99.99_1Kg,74920,1.0000,74.9200,2408.7321,74920.0000,"2025-05-19 14:59:17","2025-05-19 14:59:17",NULL,N
730,"2022-08-22",KRW,미니금 99.99_100g,74890,0.1000,748.9000,24077.6761,74890.0000,"2025-05-19 14:59:17","2025-05-19 14:59:17",NULL,N
731,"2022-08-23",KRW,금 99.99_1Kg,74970,1.0000,74.9700,2410.3397,74970.0000,"2025-05-19 14:59:17","2025-05-19 14:59:17",NULL,N
732,"2022-08-23",KRW,미니금 99.99_100g,74890,0.1000,748.9000,24077.6761,74890.0000,"2025-05-19 14:59:17","2025-05-19 14:59:17",NULL,N
733,"2022-08-24",KRW,금 99.99_1Kg,75170,1.0000,75.1700,2416.7698,75170.0000,"2025-05-19 14:59:17","2025-05-19 14:59:17",NULL,N
734,"2022-08-24",KRW,미니금 99.99_100g,75120,0.1000,751.2000,24151.6228,75120.0000,"2025-05-19 14:59:17","2025-05-19 14:59:17",NULL,N
735,"2022-08-25",KRW,금 99.99_1Kg,75370,1.0000,75.3700,2423.2000,75370.0000,"2025-05-19 14:59:17","2025-05-19 14:59:17",NULL,N
736,"2022-08-25",KRW,미니금 99.99_100g,75400,0.1000,754.0000,24241.6448,75400.0000,"2025-05-19 14:59:17","2025-05-19 14:59:17",NULL,N
737,"2022-08-26",KRW,금 99.99_1Kg,75150,1.0000,75.1500,2416.1268,75150.0000,"2025-05-19 14:59:17","2025-05-19 14:59:17",NULL,N
738,"2022-08-26",KRW,미니금 99.99_100g,75050,0.1000,750.5000,24129.1173,75050.0000,"2025-05-19 14:59:17","2025-05-19 14:59:17",NULL,N
739,"2022-08-29",KRW,금 99.99_1Kg,74760,1.0000,74.7600,2403.5880,74760.0000,"2025-05-19 14:59:17","2025-05-19 14:59:17",NULL,N
740,"2022-08-29",KRW,미니금 99.99_100g,74710,0.1000,747.1000,24019.8048,74710.0000,"2025-05-19 14:59:17","2025-05-19 14:59:17",NULL,N
741,"2022-08-30",KRW,금 99.99_1Kg,75070,1.0000,75.0700,2413.5547,75070.0000,"2025-05-19 14:59:17","2025-05-19 14:59:17",NULL,N
742,"2022-08-30",KRW,미니금 99.99_100g,75000,0.1000,750.0000,24113.0419,75000.0000,"2025-05-19 14:59:17","2025-05-19 14:59:17",NULL,N
743,"2022-08-31",KRW,금 99.99_1Kg,74310,1.0000,74.3100,2389.1202,74310.0000,"2025-05-19 14:59:17","2025-05-19 14:59:17",NULL,N
744,"2022-08-31",KRW,미니금 99.99_100g,74100,0.1000,741.0000,23823.6854,74100.0000,"2025-05-19 14:59:17","2025-05-19 14:59:17",NULL,N
745,"2022-09-01",KRW,금 99.99_1Kg,74300,1.0000,74.3000,2388.7987,74300.0000,"2025-05-19 14:59:17","2025-05-19 14:59:17",NULL,N
746,"2022-09-01",KRW,미니금 99.99_100g,73950,0.1000,739.5000,23775.4594,73950.0000,"2025-05-19 14:59:17","2025-05-19 14:59:17",NULL,N
747,"2022-09-02",KRW,금 99.99_1Kg,74250,1.0000,74.2500,2387.1912,74250.0000,"2025-05-19 14:59:17","2025-05-19 14:59:17",NULL,N
748,"2022-09-02",KRW,미니금 99.99_100g,74190,0.1000,741.9000,23852.6211,74190.0000,"2025-05-19 14:59:17","2025-05-19 14:59:17",NULL,N
749,"2022-09-05",KRW,금 99.99_1Kg,75430,1.0000,75.4300,2425.1290,75430.0000,"2025-05-19 14:59:17","2025-05-19 14:59:17",NULL,N
750,"2022-09-05",KRW,미니금 99.99_100g,75410,0.1000,754.1000,24244.8599,75410.0000,"2025-05-19 14:59:17","2025-05-19 14:59:17",NULL,N
751,"2022-09-06",KRW,금 99.99_1Kg,75780,1.0000,75.7800,2436.3818,75780.0000,"2025-05-19 14:59:17","2025-05-19 14:59:17",NULL,N
752,"2022-09-06",KRW,미니금 99.99_100g,75700,0.1000,757.0000,24338.0970,75700.0000,"2025-05-19 14:59:17","2025-05-19 14:59:17",NULL,N
753,"2022-09-07",KRW,금 99.99_1Kg,75430,1.0000,75.4300,2425.1290,75430.0000,"2025-05-19 14:59:17","2025-05-19 14:59:17",NULL,N
754,"2022-09-07",KRW,미니금 99.99_100g,75380,0.1000,753.8000,24235.2147,75380.0000,"2025-05-19 14:59:17","2025-05-19 14:59:17",NULL,N
755,"2022-09-08",KRW,금 99.99_1Kg,76020,1.0000,76.0200,2444.0979,76020.0000,"2025-05-19 14:59:17","2025-05-19 14:59:17",NULL,N
756,"2022-09-08",KRW,미니금 99.99_100g,75990,0.1000,759.9000,24431.3341,75990.0000,"2025-05-19 14:59:17","2025-05-19 14:59:17",NULL,N
757,"2022-09-13",KRW,금 99.99_1Kg,75980,1.0000,75.9800,2442.8119,75980.0000,"2025-05-19 14:59:17","2025-05-19 14:59:17",NULL,N
758,"2022-09-13",KRW,미니금 99.99_100g,75830,0.1000,758.3000,24379.8929,75830.0000,"2025-05-19 14:59:17","2025-05-19 14:59:17",NULL,N
759,"2022-09-14",KRW,금 99.99_1Kg,75850,1.0000,75.8500,2438.6323,75850.0000,"2025-05-19 14:59:17","2025-05-19 14:59:17",NULL,N
760,"2022-09-14",KRW,미니금 99.99_100g,75750,0.1000,757.5000,24354.1724,75750.0000,"2025-05-19 14:59:17","2025-05-19 14:59:17",NULL,N
761,"2022-09-15",KRW,금 99.99_1Kg,75530,1.0000,75.5300,2428.3441,75530.0000,"2025-05-19 14:59:17","2025-05-19 14:59:17",NULL,N
762,"2022-09-15",KRW,미니금 99.99_100g,75380,0.1000,753.8000,24235.2147,75380.0000,"2025-05-19 14:59:17","2025-05-19 14:59:17",NULL,N
763,"2022-09-16",KRW,금 99.99_1Kg,74240,1.0000,74.2400,2386.8696,74240.0000,"2025-05-19 14:59:17","2025-05-19 14:59:17",NULL,N
764,"2022-09-16",KRW,미니금 99.99_100g,74200,0.1000,742.0000,23855.8362,74200.0000,"2025-05-19 14:59:17","2025-05-19 14:59:17",NULL,N
765,"2022-09-19",KRW,금 99.99_1Kg,74560,1.0000,74.5600,2397.1579,74560.0000,"2025-05-19 14:59:17","2025-05-19 14:59:17",NULL,N
766,"2022-09-19",KRW,미니금 99.99_100g,74460,0.1000,744.6000,23939.4280,74460.0000,"2025-05-19 14:59:17","2025-05-19 14:59:17",NULL,N
767,"2022-09-20",KRW,금 99.99_1Kg,74680,1.0000,74.6800,2401.0160,74680.0000,"2025-05-19 14:59:17","2025-05-19 14:59:17",NULL,N
768,"2022-09-20",KRW,미니금 99.99_100g,74440,0.1000,744.4000,23932.9979,74440.0000,"2025-05-19 14:59:17","2025-05-19 14:59:17",NULL,N
769,"2022-09-21",KRW,금 99.99_1Kg,74910,1.0000,74.9100,2408.4106,74910.0000,"2025-05-19 14:59:17","2025-05-19 14:59:17",NULL,N
770,"2022-09-21",KRW,미니금 99.99_100g,74440,0.1000,744.4000,23932.9979,74440.0000,"2025-05-19 14:59:17","2025-05-19 14:59:17",NULL,N
771,"2022-09-22",KRW,금 99.99_1Kg,75150,1.0000,75.1500,2416.1268,75150.0000,"2025-05-19 14:59:17","2025-05-19 14:59:17",NULL,N
772,"2022-09-22",KRW,미니금 99.99_100g,75000,0.1000,750.0000,24113.0419,75000.0000,"2025-05-19 14:59:17","2025-05-19 14:59:17",NULL,N
773,"2022-09-23",KRW,금 99.99_1Kg,75580,1.0000,75.5800,2429.9516,75580.0000,"2025-05-19 14:59:17","2025-05-19 14:59:17",NULL,N
774,"2022-09-23",KRW,미니금 99.99_100g,75400,0.1000,754.0000,24241.6448,75400.0000,"2025-05-19 14:59:17","2025-05-19 14:59:17",NULL,N
775,"2022-09-26",KRW,금 99.99_1Kg,75250,1.0000,75.2500,2419.3419,75250.0000,"2025-05-19 14:59:17","2025-05-19 14:59:17",NULL,N
776,"2022-09-26",KRW,미니금 99.99_100g,75100,0.1000,751.0000,24145.1927,75100.0000,"2025-05-19 14:59:17","2025-05-19 14:59:17",NULL,N
777,"2022-09-27",KRW,금 99.99_1Kg,74900,1.0000,74.9000,2408.0891,74900.0000,"2025-05-19 14:59:17","2025-05-19 14:59:17",NULL,N
778,"2022-09-27",KRW,미니금 99.99_100g,74750,0.1000,747.5000,24032.6651,74750.0000,"2025-05-19 14:59:17","2025-05-19 14:59:17",NULL,N
779,"2022-09-28",KRW,금 99.99_1Kg,75110,1.0000,75.1100,2414.8408,75110.0000,"2025-05-19 14:59:17","2025-05-19 14:59:17",NULL,N
780,"2022-09-28",KRW,미니금 99.99_100g,74800,0.1000,748.0000,24048.7405,74800.0000,"2025-05-19 14:59:17","2025-05-19 14:59:17",NULL,N
781,"2022-09-29",KRW,금 99.99_1Kg,75590,1.0000,75.5900,2430.2731,75590.0000,"2025-05-19 14:59:17","2025-05-19 14:59:17",NULL,N
782,"2022-09-29",KRW,미니금 99.99_100g,75400,0.1000,754.0000,24241.6448,75400.0000,"2025-05-19 14:59:17","2025-05-19 14:59:17",NULL,N
783,"2022-09-30",KRW,금 99.99_1Kg,76240,1.0000,76.2400,2451.1711,76240.0000,"2025-05-19 14:59:17","2025-05-19 14:59:17",NULL,N
784,"2022-09-30",KRW,미니금 99.99_100g,76120,0.1000,761.2000,24473.1300,76120.0000,"2025-05-19 14:59:17","2025-05-19 14:59:17",NULL,N
785,"2022-10-04",KRW,금 99.99_1Kg,77850,1.0000,77.8500,2502.9338,77850.0000,"2025-05-19 14:59:17","2025-05-19 14:59:17",NULL,N
786,"2022-10-04",KRW,미니금 99.99_100g,77590,0.1000,775.9000,24945.7457,77590.0000,"2025-05-19 14:59:17","2025-05-19 14:59:17",NULL,N
787,"2022-10-05",KRW,금 99.99_1Kg,77930,1.0000,77.9300,2505.5058,77930.0000,"2025-05-19 14:59:17","2025-05-19 14:59:17",NULL,N
788,"2022-10-05",KRW,미니금 99.99_100g,77700,0.1000,777.0000,24981.1115,77700.0000,"2025-05-19 14:59:17","2025-05-19 14:59:17",NULL,N
789,"2022-10-06",KRW,금 99.99_1Kg,77560,1.0000,77.5600,2493.6100,77560.0000,"2025-05-19 14:59:17","2025-05-19 14:59:17",NULL,N
790,"2022-10-06",KRW,미니금 99.99_100g,77270,0.1000,772.7000,24842.8633,77270.0000,"2025-05-19 14:59:17","2025-05-19 14:59:17",NULL,N
791,"2022-10-07",KRW,금 99.99_1Kg,77630,1.0000,77.6300,2495.8606,77630.0000,"2025-05-19 14:59:17","2025-05-19 14:59:17",NULL,N
792,"2022-10-07",KRW,미니금 99.99_100g,77210,0.1000,772.1000,24823.5729,77210.0000,"2025-05-19 14:59:17","2025-05-19 14:59:17",NULL,N
793,"2022-10-11",KRW,금 99.99_1Kg,76980,1.0000,76.9800,2474.9626,76980.0000,"2025-05-19 14:59:17","2025-05-19 14:59:17",NULL,N
794,"2022-10-11",KRW,미니금 99.99_100g,76560,0.1000,765.6000,24614.5932,76560.0000,"2025-05-19 14:59:17","2025-05-19 14:59:17",NULL,N
795,"2022-10-12",KRW,금 99.99_1Kg,76620,1.0000,76.6200,2463.3884,76620.0000,"2025-05-19 14:59:17","2025-05-19 14:59:17",NULL,N
796,"2022-10-12",KRW,미니금 99.99_100g,76380,0.1000,763.8000,24556.7219,76380.0000,"2025-05-19 14:59:17","2025-05-19 14:59:17",NULL,N
797,"2022-10-13",KRW,금 99.99_1Kg,76760,1.0000,76.7600,2467.8895,76760.0000,"2025-05-19 14:59:17","2025-05-19 14:59:17",NULL,N
798,"2022-10-13",KRW,미니금 99.99_100g,76330,0.1000,763.3000,24540.6466,76330.0000,"2025-05-19 14:59:17","2025-05-19 14:59:17",NULL,N
799,"2022-10-14",KRW,금 99.99_1Kg,76710,1.0000,76.7100,2466.2819,76710.0000,"2025-05-19 14:59:17","2025-05-19 14:59:17",NULL,N
800,"2022-10-14",KRW,미니금 99.99_100g,76350,0.1000,763.5000,24547.0767,76350.0000,"2025-05-19 14:59:17","2025-05-19 14:59:17",NULL,N
801,"2022-10-17",KRW,금 99.99_1Kg,76350,1.0000,76.3500,2454.7077,76350.0000,"2025-05-19 14:59:17","2025-05-19 14:59:17",NULL,N
802,"2022-10-17",KRW,미니금 99.99_100g,76110,0.1000,761.1000,24469.9150,76110.0000,"2025-05-19 14:59:17","2025-05-19 14:59:17",NULL,N
803,"2022-10-18",KRW,금 99.99_1Kg,75860,1.0000,75.8600,2438.9538,75860.0000,"2025-05-19 14:59:17","2025-05-19 14:59:17",NULL,N
804,"2022-10-18",KRW,미니금 99.99_100g,75640,0.1000,756.4000,24318.8066,75640.0000,"2025-05-19 14:59:17","2025-05-19 14:59:17",NULL,N
805,"2022-10-19",KRW,금 99.99_1Kg,75640,1.0000,75.6400,2431.8807,75640.0000,"2025-05-19 14:59:17","2025-05-19 14:59:17",NULL,N
806,"2022-10-19",KRW,미니금 99.99_100g,75270,0.1000,752.7000,24199.8489,75270.0000,"2025-05-19 14:59:17","2025-05-19 14:59:17",NULL,N
807,"2022-10-20",KRW,금 99.99_1Kg,75250,1.0000,75.2500,2419.3419,75250.0000,"2025-05-19 14:59:17","2025-05-19 14:59:17",NULL,N
808,"2022-10-20",KRW,미니금 99.99_100g,74940,0.1000,749.4000,24093.7515,74940.0000,"2025-05-19 14:59:17","2025-05-19 14:59:17",NULL,N
809,"2022-10-21",KRW,금 99.99_1Kg,75200,1.0000,75.2000,2417.7343,75200.0000,"2025-05-19 14:59:17","2025-05-19 14:59:17",NULL,N
810,"2022-10-21",KRW,미니금 99.99_100g,74960,0.1000,749.6000,24100.1817,74960.0000,"2025-05-19 14:59:17","2025-05-19 14:59:17",NULL,N
811,"2022-10-24",KRW,금 99.99_1Kg,76570,1.0000,76.5700,2461.7808,76570.0000,"2025-05-19 14:59:17","2025-05-19 14:59:17",NULL,N
812,"2022-10-24",KRW,미니금 99.99_100g,76340,0.1000,763.4000,24543.8616,76340.0000,"2025-05-19 14:59:17","2025-05-19 14:59:17",NULL,N
813,"2022-10-25",KRW,금 99.99_1Kg,76110,1.0000,76.1100,2446.9915,76110.0000,"2025-05-19 14:59:17","2025-05-19 14:59:17",NULL,N
814,"2022-10-25",KRW,미니금 99.99_100g,75980,0.1000,759.8000,24428.1190,75980.0000,"2025-05-19 14:59:17","2025-05-19 14:59:17",NULL,N
815,"2022-10-26",KRW,금 99.99_1Kg,75980,1.0000,75.9800,2442.8119,75980.0000,"2025-05-19 14:59:17","2025-05-19 14:59:17",NULL,N
816,"2022-10-26",KRW,미니금 99.99_100g,76000,0.1000,760.0000,24434.5492,76000.0000,"2025-05-19 14:59:17","2025-05-19 14:59:17",NULL,N
817,"2022-10-27",KRW,금 99.99_1Kg,75980,1.0000,75.9800,2442.8119,75980.0000,"2025-05-19 14:59:17","2025-05-19 14:59:17",NULL,N
818,"2022-10-27",KRW,미니금 99.99_100g,75900,0.1000,759.0000,24402.3984,75900.0000,"2025-05-19 14:59:17","2025-05-19 14:59:17",NULL,N
819,"2022-10-28",KRW,금 99.99_1Kg,75870,1.0000,75.8700,2439.2753,75870.0000,"2025-05-19 14:59:17","2025-05-19 14:59:17",NULL,N
820,"2022-10-28",KRW,미니금 99.99_100g,75650,0.1000,756.5000,24322.0216,75650.0000,"2025-05-19 14:59:17","2025-05-19 14:59:17",NULL,N
821,"2022-10-31",KRW,금 99.99_1Kg,75370,1.0000,75.3700,2423.2000,75370.0000,"2025-05-19 14:59:17","2025-05-19 14:59:17",NULL,N
822,"2022-10-31",KRW,미니금 99.99_100g,75140,0.1000,751.4000,24158.0530,75140.0000,"2025-05-19 14:59:17","2025-05-19 14:59:17",NULL,N
823,"2022-11-01",KRW,금 99.99_1Kg,75000,1.0000,75.0000,2411.3042,75000.0000,"2025-05-19 14:59:17","2025-05-19 14:59:17",NULL,N
824,"2022-11-01",KRW,미니금 99.99_100g,74780,0.1000,747.8000,24042.3104,74780.0000,"2025-05-19 14:59:17","2025-05-19 14:59:17",NULL,N
825,"2022-11-02",KRW,금 99.99_1Kg,75320,1.0000,75.3200,2421.5924,75320.0000,"2025-05-19 14:59:17","2025-05-19 14:59:17",NULL,N
826,"2022-11-02",KRW,미니금 99.99_100g,75110,0.1000,751.1000,24148.4077,75110.0000,"2025-05-19 14:59:17","2025-05-19 14:59:17",NULL,N
827,"2022-11-03",KRW,금 99.99_1Kg,74960,1.0000,74.9600,2410.0182,74960.0000,"2025-05-19 14:59:17","2025-05-19 14:59:17",NULL,N
828,"2022-11-03",KRW,미니금 99.99_100g,74680,0.1000,746.8000,24010.1596,74680.0000,"2025-05-19 14:59:17","2025-05-19 14:59:17",NULL,N
829,"2022-11-04",KRW,금 99.99_1Kg,75140,1.0000,75.1400,2415.8053,75140.0000,"2025-05-19 14:59:17","2025-05-19 14:59:17",NULL,N
830,"2022-11-04",KRW,미니금 99.99_100g,75080,0.1000,750.8000,24138.7625,75080.0000,"2025-05-19 14:59:17","2025-05-19 14:59:17",NULL,N
831,"2022-11-07",KRW,금 99.99_1Kg,75470,1.0000,75.4700,2426.4150,75470.0000,"2025-05-19 14:59:17","2025-05-19 14:59:17",NULL,N
832,"2022-11-07",KRW,미니금 99.99_100g,75320,0.1000,753.2000,24215.9243,75320.0000,"2025-05-19 14:59:17","2025-05-19 14:59:17",NULL,N
833,"2022-11-08",KRW,금 99.99_1Kg,74560,1.0000,74.5600,2397.1579,74560.0000,"2025-05-19 14:59:17","2025-05-19 14:59:17",NULL,N
834,"2022-11-08",KRW,미니금 99.99_100g,74420,0.1000,744.2000,23926.5677,74420.0000,"2025-05-19 14:59:17","2025-05-19 14:59:17",NULL,N
835,"2022-11-09",KRW,금 99.99_1Kg,75120,1.0000,75.1200,2415.1623,75120.0000,"2025-05-19 14:59:17","2025-05-19 14:59:17",NULL,N
836,"2022-11-09",KRW,미니금 99.99_100g,74960,0.1000,749.6000,24100.1817,74960.0000,"2025-05-19 14:59:17","2025-05-19 14:59:17",NULL,N
837,"2022-11-10",KRW,금 99.99_1Kg,75440,1.0000,75.4400,2425.4505,75440.0000,"2025-05-19 14:59:17","2025-05-19 14:59:17",NULL,N
838,"2022-11-10",KRW,미니금 99.99_100g,75300,0.1000,753.0000,24209.4941,75300.0000,"2025-05-19 14:59:17","2025-05-19 14:59:17",NULL,N
839,"2022-11-11",KRW,금 99.99_1Kg,74800,1.0000,74.8000,2404.8740,74800.0000,"2025-05-19 14:59:17","2025-05-19 14:59:17",NULL,N
840,"2022-11-11",KRW,미니금 99.99_100g,74630,0.1000,746.3000,23994.0843,74630.0000,"2025-05-19 14:59:17","2025-05-19 14:59:17",NULL,N
841,"2022-11-14",KRW,금 99.99_1Kg,75340,1.0000,75.3400,2422.2354,75340.0000,"2025-05-19 14:59:17","2025-05-19 14:59:17",NULL,N
842,"2022-11-14",KRW,미니금 99.99_100g,75110,0.1000,751.1000,24148.4077,75110.0000,"2025-05-19 14:59:17","2025-05-19 14:59:17",NULL,N
843,"2022-11-15",KRW,금 99.99_1Kg,75210,1.0000,75.2100,2418.0558,75210.0000,"2025-05-19 14:59:17","2025-05-19 14:59:17",NULL,N
844,"2022-11-15",KRW,미니금 99.99_100g,75080,0.1000,750.8000,24138.7625,75080.0000,"2025-05-19 14:59:17","2025-05-19 14:59:17",NULL,N
845,"2022-11-16",KRW,금 99.99_1Kg,75450,1.0000,75.4500,2425.7720,75450.0000,"2025-05-19 14:59:17","2025-05-19 14:59:17",NULL,N
846,"2022-11-16",KRW,미니금 99.99_100g,75450,0.1000,754.5000,24257.7202,75450.0000,"2025-05-19 14:59:17","2025-05-19 14:59:17",NULL,N
847,"2022-11-17",KRW,금 99.99_1Kg,75870,1.0000,75.8700,2439.2753,75870.0000,"2025-05-19 14:59:17","2025-05-19 14:59:17",NULL,N
848,"2022-11-17",KRW,미니금 99.99_100g,75710,0.1000,757.1000,24341.3121,75710.0000,"2025-05-19 14:59:17","2025-05-19 14:59:17",NULL,N
849,"2022-11-18",KRW,금 99.99_1Kg,75820,1.0000,75.8200,2437.6678,75820.0000,"2025-05-19 14:59:17","2025-05-19 14:59:17",NULL,N
850,"2022-11-18",KRW,미니금 99.99_100g,75770,0.1000,757.7000,24360.6025,75770.0000,"2025-05-19 14:59:17","2025-05-19 14:59:17",NULL,N
851,"2022-11-21",KRW,금 99.99_1Kg,75900,1.0000,75.9000,2440.2398,75900.0000,"2025-05-19 14:59:17","2025-05-19 14:59:17",NULL,N
852,"2022-11-21",KRW,미니금 99.99_100g,75780,0.1000,757.8000,24363.8176,75780.0000,"2025-05-19 14:59:17","2025-05-19 14:59:17",NULL,N
853,"2022-11-22",KRW,금 99.99_1Kg,75840,1.0000,75.8400,2438.3108,75840.0000,"2025-05-19 14:59:17","2025-05-19 14:59:17",NULL,N
854,"2022-11-22",KRW,미니금 99.99_100g,75620,0.1000,756.2000,24312.3764,75620.0000,"2025-05-19 14:59:17","2025-05-19 14:59:17",NULL,N
855,"2022-11-23",KRW,금 99.99_1Kg,75460,1.0000,75.4600,2426.0935,75460.0000,"2025-05-19 14:59:17","2025-05-19 14:59:17",NULL,N
856,"2022-11-23",KRW,미니금 99.99_100g,75510,0.1000,755.1000,24277.0106,75510.0000,"2025-05-19 14:59:17","2025-05-19 14:59:17",NULL,N
857,"2022-11-24",KRW,금 99.99_1Kg,75070,1.0000,75.0700,2413.5547,75070.0000,"2025-05-19 14:59:17","2025-05-19 14:59:17",NULL,N
858,"2022-11-24",KRW,미니금 99.99_100g,74700,0.1000,747.0000,24016.5898,74700.0000,"2025-05-19 14:59:17","2025-05-19 14:59:17",NULL,N
859,"2022-11-25",KRW,금 99.99_1Kg,74910,1.0000,74.9100,2408.4106,74910.0000,"2025-05-19 14:59:17","2025-05-19 14:59:17",NULL,N
860,"2022-11-25",KRW,미니금 99.99_100g,74580,0.1000,745.8000,23978.0089,74580.0000,"2025-05-19 14:59:17","2025-05-19 14:59:17",NULL,N
861,"2022-11-28",KRW,금 99.99_1Kg,75280,1.0000,75.2800,2420.3064,75280.0000,"2025-05-19 14:59:17","2025-05-19 14:59:17",NULL,N
862,"2022-11-28",KRW,미니금 99.99_100g,75100,0.1000,751.0000,24145.1927,75100.0000,"2025-05-19 14:59:17","2025-05-19 14:59:17",NULL,N
863,"2022-11-29",KRW,금 99.99_1Kg,74960,1.0000,74.9600,2410.0182,74960.0000,"2025-05-19 14:59:17","2025-05-19 14:59:17",NULL,N
864,"2022-11-29",KRW,미니금 99.99_100g,74680,0.1000,746.8000,24010.1596,74680.0000,"2025-05-19 14:59:17","2025-05-19 14:59:17",NULL,N
865,"2022-11-30",KRW,금 99.99_1Kg,74650,1.0000,74.6500,2400.0514,74650.0000,"2025-05-19 14:59:17","2025-05-19 14:59:17",NULL,N
866,"2022-11-30",KRW,미니금 99.99_100g,74190,0.1000,741.9000,23852.6211,74190.0000,"2025-05-19 14:59:17","2025-05-19 14:59:17",NULL,N
867,"2022-12-01",KRW,금 99.99_1Kg,74680,1.0000,74.6800,2401.0160,74680.0000,"2025-05-19 14:59:17","2025-05-19 14:59:17",NULL,N
868,"2022-12-01",KRW,미니금 99.99_100g,74560,0.1000,745.6000,23971.5788,74560.0000,"2025-05-19 14:59:17","2025-05-19 14:59:17",NULL,N
869,"2022-12-02",KRW,금 99.99_1Kg,75230,1.0000,75.2300,2418.6989,75230.0000,"2025-05-19 14:59:17","2025-05-19 14:59:17",NULL,N
870,"2022-12-02",KRW,미니금 99.99_100g,75120,0.1000,751.2000,24151.6228,75120.0000,"2025-05-19 14:59:17","2025-05-19 14:59:17",NULL,N
871,"2022-12-05",KRW,금 99.99_1Kg,75120,1.0000,75.1200,2415.1623,75120.0000,"2025-05-19 14:59:17","2025-05-19 14:59:17",NULL,N
872,"2022-12-05",KRW,미니금 99.99_100g,75070,0.1000,750.7000,24135.5474,75070.0000,"2025-05-19 14:59:17","2025-05-19 14:59:17",NULL,N
873,"2022-12-06",KRW,금 99.99_1Kg,75000,1.0000,75.0000,2411.3042,75000.0000,"2025-05-19 14:59:17","2025-05-19 14:59:17",NULL,N
874,"2022-12-06",KRW,미니금 99.99_100g,74780,0.1000,747.8000,24042.3104,74780.0000,"2025-05-19 14:59:17","2025-05-19 14:59:17",NULL,N
875,"2022-12-07",KRW,금 99.99_1Kg,75270,1.0000,75.2700,2419.9849,75270.0000,"2025-05-19 14:59:17","2025-05-19 14:59:17",NULL,N
876,"2022-12-07",KRW,미니금 99.99_100g,74840,0.1000,748.4000,24061.6008,74840.0000,"2025-05-19 14:59:17","2025-05-19 14:59:17",NULL,N
877,"2022-12-08",KRW,금 99.99_1Kg,75630,1.0000,75.6300,2431.5591,75630.0000,"2025-05-19 14:59:17","2025-05-19 14:59:17",NULL,N
878,"2022-12-08",KRW,미니금 99.99_100g,75450,0.1000,754.5000,24257.7202,75450.0000,"2025-05-19 14:59:17","2025-05-19 14:59:17",NULL,N
879,"2022-12-09",KRW,금 99.99_1Kg,75280,1.0000,75.2800,2420.3064,75280.0000,"2025-05-19 14:59:17","2025-05-19 14:59:17",NULL,N
880,"2022-12-09",KRW,미니금 99.99_100g,75140,0.1000,751.4000,24158.0530,75140.0000,"2025-05-19 14:59:17","2025-05-19 14:59:17",NULL,N
881,"2022-12-12",KRW,금 99.99_1Kg,75030,1.0000,75.0300,2412.2687,75030.0000,"2025-05-19 14:59:17","2025-05-19 14:59:17",NULL,N
882,"2022-12-12",KRW,미니금 99.99_100g,74970,0.1000,749.7000,24103.3967,74970.0000,"2025-05-19 14:59:17","2025-05-19 14:59:17",NULL,N
883,"2022-12-13",KRW,금 99.99_1Kg,74910,1.0000,74.9100,2408.4106,74910.0000,"2025-05-19 14:59:17","2025-05-19 14:59:17",NULL,N
884,"2022-12-13",KRW,미니금 99.99_100g,74630,0.1000,746.3000,23994.0843,74630.0000,"2025-05-19 14:59:17","2025-05-19 14:59:17",NULL,N
885,"2022-12-14",KRW,금 99.99_1Kg,75310,1.0000,75.3100,2421.2709,75310.0000,"2025-05-19 14:59:17","2025-05-19 14:59:17",NULL,N
886,"2022-12-14",KRW,미니금 99.99_100g,75090,0.1000,750.9000,24141.9776,75090.0000,"2025-05-19 14:59:17","2025-05-19 14:59:17",NULL,N
887,"2022-12-15",KRW,금 99.99_1Kg,75220,1.0000,75.2200,2418.3774,75220.0000,"2025-05-19 14:59:17","2025-05-19 14:59:17",NULL,N
888,"2022-12-15",KRW,미니금 99.99_100g,74990,0.1000,749.9000,24109.8269,74990.0000,"2025-05-19 14:59:17","2025-05-19 14:59:17",NULL,N
889,"2022-12-16",KRW,금 99.99_1Kg,74980,1.0000,74.9800,2410.6612,74980.0000,"2025-05-19 14:59:17","2025-05-19 14:59:17",NULL,N
890,"2022-12-16",KRW,미니금 99.99_100g,74740,0.1000,747.4000,24029.4501,74740.0000,"2025-05-19 14:59:17","2025-05-19 14:59:17",NULL,N
891,"2022-12-19",KRW,금 99.99_1Kg,75230,1.0000,75.2300,2418.6989,75230.0000,"2025-05-19 14:59:17","2025-05-19 14:59:17",NULL,N
892,"2022-12-19",KRW,미니금 99.99_100g,74850,0.1000,748.5000,24064.8159,74850.0000,"2025-05-19 14:59:17","2025-05-19 14:59:17",NULL,N
893,"2022-12-20",KRW,금 99.99_1Kg,74740,1.0000,74.7400,2402.9450,74740.0000,"2025-05-19 14:59:17","2025-05-19 14:59:17",NULL,N
894,"2022-12-20",KRW,미니금 99.99_100g,74300,0.1000,743.0000,23887.9869,74300.0000,"2025-05-19 14:59:17","2025-05-19 14:59:17",NULL,N
895,"2022-12-21",KRW,금 99.99_1Kg,75200,1.0000,75.2000,2417.7343,75200.0000,"2025-05-19 14:59:17","2025-05-19 14:59:17",NULL,N
896,"2022-12-21",KRW,미니금 99.99_100g,74830,0.1000,748.3000,24058.3857,74830.0000,"2025-05-19 14:59:17","2025-05-19 14:59:17",NULL,N
897,"2022-12-22",KRW,금 99.99_1Kg,74980,1.0000,74.9800,2410.6612,74980.0000,"2025-05-19 14:59:17","2025-05-19 14:59:17",NULL,N
898,"2022-12-22",KRW,미니금 99.99_100g,74600,0.1000,746.0000,23984.4391,74600.0000,"2025-05-19 14:59:17","2025-05-19 14:59:17",NULL,N
899,"2022-12-23",KRW,금 99.99_1Kg,74360,1.0000,74.3600,2390.7277,74360.0000,"2025-05-19 14:59:17","2025-05-19 14:59:17",NULL,N
900,"2022-12-23",KRW,미니금 99.99_100g,73900,0.1000,739.0000,23759.3840,73900.0000,"2025-05-19 14:59:17","2025-05-19 14:59:17",NULL,N
901,"2022-12-26",KRW,금 99.99_1Kg,74510,1.0000,74.5100,2395.5503,74510.0000,"2025-05-19 14:59:17","2025-05-19 14:59:17",NULL,N
902,"2022-12-26",KRW,미니금 99.99_100g,74080,0.1000,740.8000,23817.2553,74080.0000,"2025-05-19 14:59:17","2025-05-19 14:59:17",NULL,N
903,"2022-12-27",KRW,금 99.99_1Kg,74480,1.0000,74.4800,2394.5858,74480.0000,"2025-05-19 14:59:17","2025-05-19 14:59:17",NULL,N
904,"2022-12-27",KRW,미니금 99.99_100g,74000,0.1000,740.0000,23791.5347,74000.0000,"2025-05-19 14:59:17","2025-05-19 14:59:17",NULL,N
905,"2022-12-28",KRW,금 99.99_1Kg,74420,1.0000,74.4200,2392.6568,74420.0000,"2025-05-19 14:59:17","2025-05-19 14:59:17",NULL,N
906,"2022-12-28",KRW,미니금 99.99_100g,74080,0.1000,740.8000,23817.2553,74080.0000,"2025-05-19 14:59:17","2025-05-19 14:59:17",NULL,N
907,"2022-12-29",KRW,금 99.99_1Kg,74360,1.0000,74.3600,2390.7277,74360.0000,"2025-05-19 14:59:17","2025-05-19 14:59:17",NULL,N
908,"2022-12-29",KRW,미니금 99.99_100g,74140,0.1000,741.4000,23836.5457,74140.0000,"2025-05-19 14:59:17","2025-05-19 14:59:17",NULL,N
909,"2023-01-02",KRW,금 99.99_1Kg,75150,1.0000,75.1500,2416.1268,75150.0000,"2025-05-19 14:59:17","2025-05-19 14:59:17",NULL,N
910,"2023-01-02",KRW,미니금 99.99_100g,74800,0.1000,748.0000,24048.7405,74800.0000,"2025-05-19 14:59:17","2025-05-19 14:59:17",NULL,N
911,"2023-01-03",KRW,금 99.99_1Kg,75490,1.0000,75.4900,2427.0580,75490.0000,"2025-05-19 14:59:17","2025-05-19 14:59:17",NULL,N
912,"2023-01-03",KRW,미니금 99.99_100g,75270,0.1000,752.7000,24199.8489,75270.0000,"2025-05-19 14:59:17","2025-05-19 14:59:17",NULL,N
913,"2023-01-04",KRW,금 99.99_1Kg,75770,1.0000,75.7700,2436.0603,75770.0000,"2025-05-19 14:59:17","2025-05-19 14:59:17",NULL,N
914,"2023-01-04",KRW,미니금 99.99_100g,75530,0.1000,755.3000,24283.4408,75530.0000,"2025-05-19 14:59:17","2025-05-19 14:59:17",NULL,N
915,"2023-01-05",KRW,금 99.99_1Kg,75800,1.0000,75.8000,2437.0248,75800.0000,"2025-05-19 14:59:17","2025-05-19 14:59:17",NULL,N
916,"2023-01-05",KRW,미니금 99.99_100g,75690,0.1000,756.9000,24334.8819,75690.0000,"2025-05-19 14:59:17","2025-05-19 14:59:17",NULL,N
917,"2023-01-06",KRW,금 99.99_1Kg,75110,1.0000,75.1100,2414.8408,75110.0000,"2025-05-19 14:59:17","2025-05-19 14:59:17",NULL,N
918,"2023-01-06",KRW,미니금 99.99_100g,75000,0.1000,750.0000,24113.0419,75000.0000,"2025-05-19 14:59:17","2025-05-19 14:59:17",NULL,N
919,"2023-01-09",KRW,금 99.99_1Kg,75550,1.0000,75.5500,2428.9871,75550.0000,"2025-05-19 14:59:17","2025-05-19 14:59:17",NULL,N
920,"2023-01-09",KRW,미니금 99.99_100g,75300,0.1000,753.0000,24209.4941,75300.0000,"2025-05-19 14:59:17","2025-05-19 14:59:17",NULL,N
921,"2023-01-10",KRW,금 99.99_1Kg,75380,1.0000,75.3800,2423.5215,75380.0000,"2025-05-19 14:59:17","2025-05-19 14:59:17",NULL,N
922,"2023-01-10",KRW,미니금 99.99_100g,75020,0.1000,750.2000,24119.4721,75020.0000,"2025-05-19 14:59:17","2025-05-19 14:59:17",NULL,N
923,"2023-01-11",KRW,금 99.99_1Kg,75490,1.0000,75.4900,2427.0580,75490.0000,"2025-05-19 14:59:17","2025-05-19 14:59:17",NULL,N
924,"2023-01-11",KRW,미니금 99.99_100g,75500,0.1000,755.0000,24273.7956,75500.0000,"2025-05-19 14:59:17","2025-05-19 14:59:17",NULL,N
925,"2023-01-12",KRW,금 99.99_1Kg,75570,1.0000,75.5700,2429.6301,75570.0000,"2025-05-19 14:59:17","2025-05-19 14:59:17",NULL,N
926,"2023-01-12",KRW,미니금 99.99_100g,75540,0.1000,755.4000,24286.6558,75540.0000,"2025-05-19 14:59:17","2025-05-19 14:59:17",NULL,N
927,"2023-01-13",KRW,금 99.99_1Kg,75870,1.0000,75.8700,2439.2753,75870.0000,"2025-05-19 14:59:17","2025-05-19 14:59:17",NULL,N
928,"2023-01-13",KRW,미니금 99.99_100g,75810,0.1000,758.1000,24373.4628,75810.0000,"2025-05-19 14:59:17","2025-05-19 14:59:17",NULL,N
929,"2023-01-16",KRW,금 99.99_1Kg,76290,1.0000,76.2900,2452.7786,76290.0000,"2025-05-19 14:59:17","2025-05-19 14:59:17",NULL,N
930,"2023-01-16",KRW,미니금 99.99_100g,76090,0.1000,760.9000,24463.4848,76090.0000,"2025-05-19 14:59:17","2025-05-19 14:59:17",NULL,N
931,"2023-01-17",KRW,금 99.99_1Kg,76200,1.0000,76.2000,2449.8851,76200.0000,"2025-05-19 14:59:17","2025-05-19 14:59:17",NULL,N
932,"2023-01-17",KRW,미니금 99.99_100g,76170,0.1000,761.7000,24489.2054,76170.0000,"2025-05-19 14:59:17","2025-05-19 14:59:17",NULL,N
933,"2023-01-18",KRW,금 99.99_1Kg,75900,1.0000,75.9000,2440.2398,75900.0000,"2025-05-19 14:59:17","2025-05-19 14:59:17",NULL,N
934,"2023-01-18",KRW,미니금 99.99_100g,75600,0.1000,756.0000,24305.9463,75600.0000,"2025-05-19 14:59:17","2025-05-19 14:59:17",NULL,N
935,"2023-01-19",KRW,금 99.99_1Kg,75850,1.0000,75.8500,2438.6323,75850.0000,"2025-05-19 14:59:17","2025-05-19 14:59:17",NULL,N
936,"2023-01-19",KRW,미니금 99.99_100g,75750,0.1000,757.5000,24354.1724,75750.0000,"2025-05-19 14:59:17","2025-05-19 14:59:17",NULL,N
937,"2023-01-20",KRW,금 99.99_1Kg,76530,1.0000,76.5300,2460.4948,76530.0000,"2025-05-19 14:59:17","2025-05-19 14:59:17",NULL,N
938,"2023-01-20",KRW,미니금 99.99_100g,76330,0.1000,763.3000,24540.6466,76330.0000,"2025-05-19 14:59:17","2025-05-19 14:59:17",NULL,N
939,"2023-01-25",KRW,금 99.99_1Kg,76600,1.0000,76.6000,2462.7454,76600.0000,"2025-05-19 14:59:17","2025-05-19 14:59:17",NULL,N
940,"2023-01-25",KRW,미니금 99.99_100g,76560,0.1000,765.6000,24614.5932,76560.0000,"2025-05-19 14:59:17","2025-05-19 14:59:17",NULL,N
941,"2023-01-26",KRW,금 99.99_1Kg,77100,1.0000,77.1000,2478.8207,77100.0000,"2025-05-19 14:59:17","2025-05-19 14:59:17",NULL,N
942,"2023-01-26",KRW,미니금 99.99_100g,77070,0.1000,770.7000,24778.5619,77070.0000,"2025-05-19 14:59:17","2025-05-19 14:59:17",NULL,N
943,"2023-01-27",KRW,금 99.99_1Kg,76380,1.0000,76.3800,2455.6722,76380.0000,"2025-05-19 14:59:17","2025-05-19 14:59:17",NULL,N
944,"2023-01-27",KRW,미니금 99.99_100g,76300,0.1000,763.0000,24531.0013,76300.0000,"2025-05-19 14:59:17","2025-05-19 14:59:17",NULL,N
945,"2023-01-30",KRW,금 99.99_1Kg,76410,1.0000,76.4100,2456.6367,76410.0000,"2025-05-19 14:59:17","2025-05-19 14:59:17",NULL,N
946,"2023-01-30",KRW,미니금 99.99_100g,76010,0.1000,760.1000,24437.7642,76010.0000,"2025-05-19 14:59:17","2025-05-19 14:59:17",NULL,N
947,"2023-01-31",KRW,금 99.99_1Kg,76030,1.0000,76.0300,2444.4194,76030.0000,"2025-05-19 14:59:17","2025-05-19 14:59:17",NULL,N
948,"2023-01-31",KRW,미니금 99.99_100g,75780,0.1000,757.8000,24363.8176,75780.0000,"2025-05-19 14:59:17","2025-05-19 14:59:17",NULL,N
949,"2023-02-01",KRW,금 99.99_1Kg,76500,1.0000,76.5000,2459.5303,76500.0000,"2025-05-19 14:59:17","2025-05-19 14:59:17",NULL,N
950,"2023-02-01",KRW,미니금 99.99_100g,76260,0.1000,762.6000,24518.1410,76260.0000,"2025-05-19 14:59:17","2025-05-19 14:59:17",NULL,N
951,"2023-02-02",KRW,금 99.99_1Kg,76890,1.0000,76.8900,2472.0691,76890.0000,"2025-05-19 14:59:17","2025-05-19 14:59:17",NULL,N
952,"2023-02-02",KRW,미니금 99.99_100g,76620,0.1000,766.2000,24633.8836,76620.0000,"2025-05-19 14:59:17","2025-05-19 14:59:17",NULL,N
953,"2023-02-03",KRW,금 99.99_1Kg,75890,1.0000,75.8900,2439.9183,75890.0000,"2025-05-19 14:59:17","2025-05-19 14:59:17",NULL,N
954,"2023-02-03",KRW,미니금 99.99_100g,75720,0.1000,757.2000,24344.5271,75720.0000,"2025-05-19 14:59:17","2025-05-19 14:59:17",NULL,N
955,"2023-02-06",KRW,금 99.99_1Kg,75640,1.0000,75.6400,2431.8807,75640.0000,"2025-05-19 14:59:17","2025-05-19 14:59:17",NULL,N
956,"2023-02-06",KRW,미니금 99.99_100g,75500,0.1000,755.0000,24273.7956,75500.0000,"2025-05-19 14:59:17","2025-05-19 14:59:17",NULL,N
957,"2023-02-07",KRW,금 99.99_1Kg,75810,1.0000,75.8100,2437.3463,75810.0000,"2025-05-19 14:59:17","2025-05-19 14:59:17",NULL,N
958,"2023-02-07",KRW,미니금 99.99_100g,75760,0.1000,757.6000,24357.3874,75760.0000,"2025-05-19 14:59:17","2025-05-19 14:59:17",NULL,N
959,"2023-02-08",KRW,금 99.99_1Kg,76000,1.0000,76.0000,2443.4549,76000.0000,"2025-05-19 14:59:17","2025-05-19 14:59:17",NULL,N
960,"2023-02-08",KRW,미니금 99.99_100g,75920,0.1000,759.2000,24408.8286,75920.0000,"2025-05-19 14:59:17","2025-05-19 14:59:17",NULL,N
961,"2023-02-09",KRW,금 99.99_1Kg,76280,1.0000,76.2800,2452.4571,76280.0000,"2025-05-19 14:59:17","2025-05-19 14:59:17",NULL,N
962,"2023-02-09",KRW,미니금 99.99_100g,76170,0.1000,761.7000,24489.2054,76170.0000,"2025-05-19 14:59:17","2025-05-19 14:59:17",NULL,N
963,"2023-02-10",KRW,금 99.99_1Kg,75800,1.0000,75.8000,2437.0248,75800.0000,"2025-05-19 14:59:17","2025-05-19 14:59:17",NULL,N
964,"2023-02-10",KRW,미니금 99.99_100g,75640,0.1000,756.4000,24318.8066,75640.0000,"2025-05-19 14:59:17","2025-05-19 14:59:17",NULL,N
965,"2023-02-13",KRW,금 99.99_1Kg,76210,1.0000,76.2100,2450.2066,76210.0000,"2025-05-19 14:59:17","2025-05-19 14:59:17",NULL,N
966,"2023-02-13",KRW,미니금 99.99_100g,76170,0.1000,761.7000,24489.2054,76170.0000,"2025-05-19 14:59:17","2025-05-19 14:59:17",NULL,N
967,"2023-02-14",KRW,금 99.99_1Kg,75910,1.0000,75.9100,2440.5614,75910.0000,"2025-05-19 14:59:17","2025-05-19 14:59:17",NULL,N
968,"2023-02-14",KRW,미니금 99.99_100g,75880,0.1000,758.8000,24395.9683,75880.0000,"2025-05-19 14:59:17","2025-05-19 14:59:17",NULL,N
969,"2023-02-15",KRW,금 99.99_1Kg,76100,1.0000,76.1000,2446.6700,76100.0000,"2025-05-19 14:59:17","2025-05-19 14:59:17",NULL,N
970,"2023-02-15",KRW,미니금 99.99_100g,75970,0.1000,759.7000,24424.9039,75970.0000,"2025-05-19 14:59:17","2025-05-19 14:59:17",NULL,N
971,"2023-02-16",KRW,금 99.99_1Kg,75800,1.0000,75.8000,2437.0248,75800.0000,"2025-05-19 14:59:17","2025-05-19 14:59:17",NULL,N
972,"2023-02-16",KRW,미니금 99.99_100g,75610,0.1000,756.1000,24309.1613,75610.0000,"2025-05-19 14:59:17","2025-05-19 14:59:17",NULL,N
973,"2023-02-17",KRW,금 99.99_1Kg,76220,1.0000,76.2200,2450.5281,76220.0000,"2025-05-19 14:59:17","2025-05-19 14:59:17",NULL,N
974,"2023-02-17",KRW,미니금 99.99_100g,76190,0.1000,761.9000,24495.6355,76190.0000,"2025-05-19 14:59:17","2025-05-19 14:59:17",NULL,N
975,"2023-02-20",KRW,금 99.99_1Kg,76600,1.0000,76.6000,2462.7454,76600.0000,"2025-05-19 14:59:17","2025-05-19 14:59:17",NULL,N
976,"2023-02-20",KRW,미니금 99.99_100g,76380,0.1000,763.8000,24556.7219,76380.0000,"2025-05-19 14:59:17","2025-05-19 14:59:17",NULL,N
977,"2023-02-21",KRW,금 99.99_1Kg,76500,1.0000,76.5000,2459.5303,76500.0000,"2025-05-19 14:59:17","2025-05-19 14:59:17",NULL,N
978,"2023-02-21",KRW,미니금 99.99_100g,76390,0.1000,763.9000,24559.9370,76390.0000,"2025-05-19 14:59:17","2025-05-19 14:59:17",NULL,N
979,"2023-02-22",KRW,금 99.99_1Kg,76750,1.0000,76.7500,2467.5680,76750.0000,"2025-05-19 14:59:17","2025-05-19 14:59:17",NULL,N
980,"2023-02-22",KRW,미니금 99.99_100g,76650,0.1000,766.5000,24643.5289,76650.0000,"2025-05-19 14:59:17","2025-05-19 14:59:17",NULL,N
981,"2023-02-23",KRW,금 99.99_1Kg,76300,1.0000,76.3000,2453.1001,76300.0000,"2025-05-19 14:59:17","2025-05-19 14:59:17",NULL,N
982,"2023-02-23",KRW,미니금 99.99_100g,76050,0.1000,760.5000,24450.6245,76050.0000,"2025-05-19 14:59:17","2025-05-19 14:59:17",NULL,N
983,"2023-02-24",KRW,금 99.99_1Kg,76330,1.0000,76.3300,2454.0647,76330.0000,"2025-05-19 14:59:17","2025-05-19 14:59:17",NULL,N
984,"2023-02-24",KRW,미니금 99.99_100g,76310,0.1000,763.1000,24534.2164,76310.0000,"2025-05-19 14:59:17","2025-05-19 14:59:17",NULL,N
985,"2023-02-27",KRW,금 99.99_1Kg,76500,1.0000,76.5000,2459.5303,76500.0000,"2025-05-19 14:59:17","2025-05-19 14:59:17",NULL,N
986,"2023-02-27",KRW,미니금 99.99_100g,76500,0.1000,765.0000,24595.3028,76500.0000,"2025-05-19 14:59:17","2025-05-19 14:59:17",NULL,N
987,"2023-02-28",KRW,금 99.99_1Kg,76830,1.0000,76.8300,2470.1400,76830.0000,"2025-05-19 14:59:17","2025-05-19 14:59:17",NULL,N
988,"2023-02-28",KRW,미니금 99.99_100g,76730,0.1000,767.3000,24669.2494,76730.0000,"2025-05-19 14:59:17","2025-05-19 14:59:17",NULL,N
989,"2023-03-02",KRW,금 99.99_1Kg,76990,1.0000,76.9900,2475.2841,76990.0000,"2025-05-19 14:59:17","2025-05-19 14:59:17",NULL,N
990,"2023-03-02",KRW,미니금 99.99_100g,76870,0.1000,768.7000,24714.2605,76870.0000,"2025-05-19 14:59:17","2025-05-19 14:59:17",NULL,N
991,"2023-03-03",KRW,금 99.99_1Kg,76840,1.0000,76.8400,2470.4615,76840.0000,"2025-05-19 14:59:17","2025-05-19 14:59:17",NULL,N
992,"2023-03-03",KRW,미니금 99.99_100g,76740,0.1000,767.4000,24672.4645,76740.0000,"2025-05-19 14:59:17","2025-05-19 14:59:17",NULL,N
993,"2023-03-06",KRW,금 99.99_1Kg,77100,1.0000,77.1000,2478.8207,77100.0000,"2025-05-19 14:59:17","2025-05-19 14:59:17",NULL,N
994,"2023-03-06",KRW,미니금 99.99_100g,76870,0.1000,768.7000,24714.2605,76870.0000,"2025-05-19 14:59:17","2025-05-19 14:59:17",NULL,N
995,"2023-03-07",KRW,금 99.99_1Kg,77030,1.0000,77.0300,2476.5702,77030.0000,"2025-05-19 14:59:17","2025-05-19 14:59:17",NULL,N
996,"2023-03-07",KRW,미니금 99.99_100g,76970,0.1000,769.7000,24746.4112,76970.0000,"2025-05-19 14:59:17","2025-05-19 14:59:17",NULL,N
997,"2023-03-08",KRW,금 99.99_1Kg,76810,1.0000,76.8100,2469.4970,76810.0000,"2025-05-19 14:59:17","2025-05-19 14:59:17",NULL,N
998,"2023-03-08",KRW,미니금 99.99_100g,76820,0.1000,768.2000,24698.1851,76820.0000,"2025-05-19 14:59:17","2025-05-19 14:59:17",NULL,N
999,"2023-03-09",KRW,금 99.99_1Kg,76950,1.0000,76.9500,2473.9981,76950.0000,"2025-05-19 14:59:17","2025-05-19 14:59:17",NULL,N
1000,"2023-03-09",KRW,미니금 99.99_100g,76790,0.1000,767.9000,24688.5399,76790.0000,"2025-05-19 14:59:17","2025-05-19 14:59:17",NULL,N
1001,"2023-03-10",KRW,금 99.99_1Kg,77750,1.0000,77.7500,2499.7187,77750.0000,"2025-05-19 14:59:17","2025-05-19 14:59:17",NULL,N
1002,"2023-03-10",KRW,미니금 99.99_100g,77620,0.1000,776.2000,24955.3909,77620.0000,"2025-05-19 14:59:17","2025-05-19 14:59:17",NULL,N
1003,"2023-03-13",KRW,금 99.99_1Kg,78130,1.0000,78.1300,2511.9360,78130.0000,"2025-05-19 14:59:17","2025-05-19 14:59:17",NULL,N
1004,"2023-03-13",KRW,미니금 99.99_100g,78200,0.1000,782.0000,25141.8651,78200.0000,"2025-05-19 14:59:17","2025-05-19 14:59:17",NULL,N
1005,"2023-03-14",KRW,금 99.99_1Kg,80000,1.0000,80.0000,2572.0578,80000.0000,"2025-05-19 14:59:17","2025-05-19 14:59:17",NULL,N
1006,"2023-03-14",KRW,미니금 99.99_100g,79420,0.1000,794.2000,25534.1039,79420.0000,"2025-05-19 14:59:17","2025-05-19 14:59:17",NULL,N
1007,"2023-03-15",KRW,금 99.99_1Kg,79330,1.0000,79.3300,2550.5168,79330.0000,"2025-05-19 14:59:17","2025-05-19 14:59:17",NULL,N
1008,"2023-03-15",KRW,미니금 99.99_100g,79000,0.1000,790.0000,25399.0708,79000.0000,"2025-05-19 14:59:17","2025-05-19 14:59:17",NULL,N
1009,"2023-03-16",KRW,금 99.99_1Kg,80570,1.0000,80.5700,2590.3837,80570.0000,"2025-05-19 14:59:17","2025-05-19 14:59:17",NULL,N
1010,"2023-03-16",KRW,미니금 99.99_100g,80300,0.1000,803.0000,25817.0302,80300.0000,"2025-05-19 14:59:17","2025-05-19 14:59:17",NULL,N
1011,"2023-03-17",KRW,금 99.99_1Kg,80560,1.0000,80.5600,2590.0622,80560.0000,"2025-05-19 14:59:17","2025-05-19 14:59:17",NULL,N
1012,"2023-03-17",KRW,미니금 99.99_100g,80300,0.1000,803.0000,25817.0302,80300.0000,"2025-05-19 14:59:17","2025-05-19 14:59:17",NULL,N
1013,"2023-03-20",KRW,금 99.99_1Kg,83490,1.0000,83.4900,2684.2638,83490.0000,"2025-05-19 14:59:17","2025-05-19 14:59:17",NULL,N
1014,"2023-03-20",KRW,미니금 99.99_100g,82810,0.1000,828.1000,26624.0134,82810.0000,"2025-05-19 14:59:17","2025-05-19 14:59:17",NULL,N
1015,"2023-03-21",KRW,금 99.99_1Kg,83020,1.0000,83.0200,2669.1530,83020.0000,"2025-05-19 14:59:17","2025-05-19 14:59:17",NULL,N
1016,"2023-03-21",KRW,미니금 99.99_100g,82270,0.1000,822.7000,26450.3995,82270.0000,"2025-05-19 14:59:17","2025-05-19 14:59:17",NULL,N
1017,"2023-03-22",KRW,금 99.99_1Kg,81340,1.0000,81.3400,2615.1398,81340.0000,"2025-05-19 14:59:17","2025-05-19 14:59:17",NULL,N
1018,"2023-03-22",KRW,미니금 99.99_100g,80940,0.1000,809.4000,26022.7949,80940.0000,"2025-05-19 14:59:17","2025-05-19 14:59:17",NULL,N
1019,"2023-03-23",KRW,금 99.99_1Kg,81360,1.0000,81.3600,2615.7828,81360.0000,"2025-05-19 14:59:17","2025-05-19 14:59:17",NULL,N
1020,"2023-03-23",KRW,미니금 99.99_100g,81140,0.1000,811.4000,26087.0963,81140.0000,"2025-05-19 14:59:17","2025-05-19 14:59:17",NULL,N
1021,"2023-03-24",KRW,금 99.99_1Kg,82300,1.0000,82.3000,2646.0045,82300.0000,"2025-05-19 14:59:17","2025-05-19 14:59:17",NULL,N
1022,"2023-03-24",KRW,미니금 99.99_100g,82090,0.1000,820.9000,26392.5282,82090.0000,"2025-05-19 14:59:17","2025-05-19 14:59:17",NULL,N
1023,"2023-03-27",KRW,금 99.99_1Kg,82400,1.0000,82.4000,2649.2195,82400.0000,"2025-05-19 14:59:17","2025-05-19 14:59:17",NULL,N
1024,"2023-03-27",KRW,미니금 99.99_100g,81920,0.1000,819.2000,26337.8719,81920.0000,"2025-05-19 14:59:17","2025-05-19 14:59:17",NULL,N
1025,"2023-03-28",KRW,금 99.99_1Kg,81670,1.0000,81.6700,2625.7495,81670.0000,"2025-05-19 14:59:17","2025-05-19 14:59:17",NULL,N
1026,"2023-03-28",KRW,미니금 99.99_100g,81300,0.1000,813.0000,26138.5375,81300.0000,"2025-05-19 14:59:17","2025-05-19 14:59:17",NULL,N
1027,"2023-03-29",KRW,금 99.99_1Kg,82000,1.0000,82.0000,2636.3593,82000.0000,"2025-05-19 14:59:17","2025-05-19 14:59:17",NULL,N
1028,"2023-03-29",KRW,미니금 99.99_100g,81690,0.1000,816.9000,26263.9253,81690.0000,"2025-05-19 14:59:17","2025-05-19 14:59:17",NULL,N
1029,"2023-03-30",KRW,금 99.99_1Kg,81960,1.0000,81.9600,2635.0732,81960.0000,"2025-05-19 14:59:17","2025-05-19 14:59:17",NULL,N
1030,"2023-03-30",KRW,미니금 99.99_100g,81760,0.1000,817.6000,26286.4308,81760.0000,"2025-05-19 14:59:17","2025-05-19 14:59:17",NULL,N
1031,"2023-03-31",KRW,금 99.99_1Kg,82430,1.0000,82.4300,2650.1841,82430.0000,"2025-05-19 14:59:17","2025-05-19 14:59:17",NULL,N
1032,"2023-03-31",KRW,미니금 99.99_100g,82290,0.1000,822.9000,26456.8296,82290.0000,"2025-05-19 14:59:17","2025-05-19 14:59:17",NULL,N
1033,"2023-04-03",KRW,금 99.99_1Kg,82540,1.0000,82.5400,2653.7206,82540.0000,"2025-05-19 14:59:17","2025-05-19 14:59:17",NULL,N
1034,"2023-04-03",KRW,미니금 99.99_100g,82310,0.1000,823.1000,26463.2598,82310.0000,"2025-05-19 14:59:17","2025-05-19 14:59:17",NULL,N
1035,"2023-04-04",KRW,금 99.99_1Kg,83430,1.0000,83.4300,2682.3348,83430.0000,"2025-05-19 14:59:17","2025-05-19 14:59:17",NULL,N
1036,"2023-04-04",KRW,미니금 99.99_100g,83180,0.1000,831.8000,26742.9710,83180.0000,"2025-05-19 14:59:17","2025-05-19 14:59:17",NULL,N
1037,"2023-04-05",KRW,금 99.99_1Kg,84980,1.0000,84.9800,2732.1684,84980.0000,"2025-05-19 14:59:17","2025-05-19 14:59:17",NULL,N
1038,"2023-04-05",KRW,미니금 99.99_100g,84680,0.1000,846.8000,27225.2319,84680.0000,"2025-05-19 14:59:17","2025-05-19 14:59:17",NULL,N
1039,"2023-04-06",KRW,금 99.99_1Kg,85300,1.0000,85.3000,2742.4566,85300.0000,"2025-05-19 14:59:17","2025-05-19 14:59:17",NULL,N
1040,"2023-04-06",KRW,미니금 99.99_100g,85160,0.1000,851.6000,27379.5554,85160.0000,"2025-05-19 14:59:17","2025-05-19 14:59:17",NULL,N
1041,"2023-04-07",KRW,금 99.99_1Kg,86330,1.0000,86.3300,2775.5719,86330.0000,"2025-05-19 14:59:17","2025-05-19 14:59:17",NULL,N
1042,"2023-04-07",KRW,미니금 99.99_100g,85820,0.1000,858.2000,27591.7501,85820.0000,"2025-05-19 14:59:17","2025-05-19 14:59:17",NULL,N
1043,"2023-04-10",KRW,금 99.99_1Kg,84800,1.0000,84.8000,2726.3813,84800.0000,"2025-05-19 14:59:17","2025-05-19 14:59:17",NULL,N
1044,"2023-04-10",KRW,미니금 99.99_100g,84110,0.1000,841.1000,27041.9728,84110.0000,"2025-05-19 14:59:17","2025-05-19 14:59:17",NULL,N
1045,"2023-04-11",KRW,금 99.99_1Kg,85030,1.0000,85.0300,2733.7759,85030.0000,"2025-05-19 14:59:17","2025-05-19 14:59:17",NULL,N
1046,"2023-04-11",KRW,미니금 99.99_100g,84500,0.1000,845.0000,27167.3606,84500.0000,"2025-05-19 14:59:17","2025-05-19 14:59:17",NULL,N
1047,"2023-04-12",KRW,금 99.99_1Kg,85880,1.0000,85.8800,2761.1041,85880.0000,"2025-05-19 14:59:17","2025-05-19 14:59:17",NULL,N
1048,"2023-04-12",KRW,미니금 99.99_100g,85580,0.1000,855.8000,27514.5884,85580.0000,"2025-05-19 14:59:17","2025-05-19 14:59:17",NULL,N
1049,"2023-04-13",KRW,금 99.99_1Kg,85170,1.0000,85.1700,2738.2770,85170.0000,"2025-05-19 14:59:17","2025-05-19 14:59:17",NULL,N
1050,"2023-04-13",KRW,미니금 99.99_100g,85000,0.1000,850.0000,27328.1142,85000.0000,"2025-05-19 14:59:17","2025-05-19 14:59:17",NULL,N
1051,"2023-04-14",KRW,금 99.99_1Kg,85360,1.0000,85.3600,2744.3857,85360.0000,"2025-05-19 14:59:17","2025-05-19 14:59:17",NULL,N
1052,"2023-04-14",KRW,미니금 99.99_100g,85000,0.1000,850.0000,27328.1142,85000.0000,"2025-05-19 14:59:17","2025-05-19 14:59:17",NULL,N
1053,"2023-04-17",KRW,금 99.99_1Kg,84750,1.0000,84.7500,2724.7737,84750.0000,"2025-05-19 14:59:17","2025-05-19 14:59:17",NULL,N
1054,"2023-04-17",KRW,미니금 99.99_100g,84200,0.1000,842.0000,27070.9084,84200.0000,"2025-05-19 14:59:17","2025-05-19 14:59:17",NULL,N
1055,"2023-04-18",KRW,금 99.99_1Kg,84700,1.0000,84.7000,2723.1662,84700.0000,"2025-05-19 14:59:17","2025-05-19 14:59:17",NULL,N
1056,"2023-04-18",KRW,미니금 99.99_100g,84300,0.1000,843.0000,27103.0591,84300.0000,"2025-05-19 14:59:17","2025-05-19 14:59:17",NULL,N
1057,"2023-04-19",KRW,금 99.99_1Kg,84700,1.0000,84.7000,2723.1662,84700.0000,"2025-05-19 14:59:17","2025-05-19 14:59:17",NULL,N
1058,"2023-04-19",KRW,미니금 99.99_100g,84290,0.1000,842.9000,27099.8441,84290.0000,"2025-05-19 14:59:17","2025-05-19 14:59:17",NULL,N
1059,"2023-04-20",KRW,금 99.99_1Kg,84720,1.0000,84.7200,2723.8092,84720.0000,"2025-05-19 14:59:17","2025-05-19 14:59:17",NULL,N
1060,"2023-04-20",KRW,미니금 99.99_100g,84300,0.1000,843.0000,27103.0591,84300.0000,"2025-05-19 14:59:17","2025-05-19 14:59:17",NULL,N
1061,"2023-04-21",KRW,금 99.99_1Kg,84900,1.0000,84.9000,2729.5963,84900.0000,"2025-05-19 14:59:17","2025-05-19 14:59:17",NULL,N
1062,"2023-04-21",KRW,미니금 99.99_100g,84850,0.1000,848.5000,27279.8881,84850.0000,"2025-05-19 14:59:17","2025-05-19 14:59:17",NULL,N
1063,"2023-04-24",KRW,금 99.99_1Kg,84780,1.0000,84.7800,2725.7383,84780.0000,"2025-05-19 14:59:17","2025-05-19 14:59:17",NULL,N
1064,"2023-04-24",KRW,미니금 99.99_100g,84600,0.1000,846.0000,27199.5113,84600.0000,"2025-05-19 14:59:17","2025-05-19 14:59:17",NULL,N
1065,"2023-04-25",KRW,금 99.99_1Kg,85260,1.0000,85.2600,2741.1706,85260.0000,"2025-05-19 14:59:17","2025-05-19 14:59:17",NULL,N
1066,"2023-04-25",KRW,미니금 99.99_100g,85000,0.1000,850.0000,27328.1142,85000.0000,"2025-05-19 14:59:17","2025-05-19 14:59:17",NULL,N
1067,"2023-04-26",KRW,금 99.99_1Kg,85700,1.0000,85.7000,2755.3169,85700.0000,"2025-05-19 14:59:17","2025-05-19 14:59:17",NULL,N
1068,"2023-04-26",KRW,미니금 99.99_100g,85500,0.1000,855.0000,27488.8678,85500.0000,"2025-05-19 14:59:17","2025-05-19 14:59:17",NULL,N
1069,"2023-04-27",KRW,금 99.99_1Kg,86000,1.0000,86.0000,2764.9621,86000.0000,"2025-05-19 14:59:17","2025-05-19 14:59:17",NULL,N
1070,"2023-04-27",KRW,미니금 99.99_100g,85600,0.1000,856.0000,27521.0185,85600.0000,"2025-05-19 14:59:17","2025-05-19 14:59:17",NULL,N
1071,"2023-04-28",KRW,금 99.99_1Kg,85280,1.0000,85.2800,2741.8136,85280.0000,"2025-05-19 14:59:17","2025-05-19 14:59:17",NULL,N
1072,"2023-04-28",KRW,미니금 99.99_100g,85200,0.1000,852.0000,27392.4156,85200.0000,"2025-05-19 14:59:17","2025-05-19 14:59:17",NULL,N
1073,"2023-05-02",KRW,금 99.99_1Kg,85400,1.0000,85.4000,2745.6717,85400.0000,"2025-05-19 14:59:17","2025-05-19 14:59:17",NULL,N
1074,"2023-05-02",KRW,미니금 99.99_100g,85160,0.1000,851.6000,27379.5554,85160.0000,"2025-05-19 14:59:17","2025-05-19 14:59:17",NULL,N
1075,"2023-05-03",KRW,금 99.99_1Kg,86460,1.0000,86.4600,2779.7515,86460.0000,"2025-05-19 14:59:17","2025-05-19 14:59:17",NULL,N
1076,"2023-05-03",KRW,미니금 99.99_100g,86300,0.1000,863.0000,27746.0736,86300.0000,"2025-05-19 14:59:17","2025-05-19 14:59:17",NULL,N
1077,"2023-05-04",KRW,금 99.99_1Kg,86720,1.0000,86.7200,2788.1107,86720.0000,"2025-05-19 14:59:17","2025-05-19 14:59:17",NULL,N
1078,"2023-05-04",KRW,미니금 99.99_100g,86350,0.1000,863.5000,27762.1490,86350.0000,"2025-05-19 14:59:17","2025-05-19 14:59:17",NULL,N
1079,"2023-05-08",KRW,금 99.99_1Kg,85920,1.0000,85.9200,2762.3901,85920.0000,"2025-05-19 14:59:17","2025-05-19 14:59:17",NULL,N
1080,"2023-05-08",KRW,미니금 99.99_100g,85700,0.1000,857.0000,27553.1693,85700.0000,"2025-05-19 14:59:17","2025-05-19 14:59:17",NULL,N
1081,"2023-05-09",KRW,금 99.99_1Kg,86400,1.0000,86.4000,2777.8224,86400.0000,"2025-05-19 14:59:17","2025-05-19 14:59:17",NULL,N
1082,"2023-05-09",KRW,미니금 99.99_100g,85900,0.1000,859.0000,27617.4707,85900.0000,"2025-05-19 14:59:17","2025-05-19 14:59:17",NULL,N
1083,"2023-05-10",KRW,금 99.99_1Kg,86460,1.0000,86.4600,2779.7515,86460.0000,"2025-05-19 14:59:17","2025-05-19 14:59:17",NULL,N
1084,"2023-05-10",KRW,미니금 99.99_100g,86060,0.1000,860.6000,27668.9119,86060.0000,"2025-05-19 14:59:17","2025-05-19 14:59:17",NULL,N
1085,"2023-05-11",KRW,금 99.99_1Kg,86350,1.0000,86.3500,2776.2149,86350.0000,"2025-05-19 14:59:17","2025-05-19 14:59:17",NULL,N
1086,"2023-05-11",KRW,미니금 99.99_100g,86120,0.1000,861.2000,27688.2023,86120.0000,"2025-05-19 14:59:17","2025-05-19 14:59:17",NULL,N
1087,"2023-05-12",KRW,금 99.99_1Kg,86170,1.0000,86.1700,2770.4278,86170.0000,"2025-05-19 14:59:17","2025-05-19 14:59:17",NULL,N
1088,"2023-05-12",KRW,미니금 99.99_100g,85960,0.1000,859.6000,27636.7611,85960.0000,"2025-05-19 14:59:17","2025-05-19 14:59:17",NULL,N
1089,"2023-05-15",KRW,금 99.99_1Kg,86450,1.0000,86.4500,2779.4300,86450.0000,"2025-05-19 14:59:17","2025-05-19 14:59:17",NULL,N
1090,"2023-05-15",KRW,미니금 99.99_100g,86130,0.1000,861.3000,27691.4174,86130.0000,"2025-05-19 14:59:17","2025-05-19 14:59:17",NULL,N
1091,"2023-05-16",KRW,금 99.99_1Kg,86460,1.0000,86.4600,2779.7515,86460.0000,"2025-05-19 14:59:17","2025-05-19 14:59:17",NULL,N
1092,"2023-05-16",KRW,미니금 99.99_100g,86120,0.1000,861.2000,27688.2023,86120.0000,"2025-05-19 14:59:17","2025-05-19 14:59:17",NULL,N
1093,"2023-05-17",KRW,금 99.99_1Kg,85780,1.0000,85.7800,2757.8890,85780.0000,"2025-05-19 14:59:17","2025-05-19 14:59:17",NULL,N
1094,"2023-05-17",KRW,미니금 99.99_100g,85450,0.1000,854.5000,27472.7925,85450.0000,"2025-05-19 14:59:17","2025-05-19 14:59:17",NULL,N
1095,"2023-05-18",KRW,금 99.99_1Kg,85200,1.0000,85.2000,2739.2416,85200.0000,"2025-05-19 14:59:17","2025-05-19 14:59:17",NULL,N
1096,"2023-05-18",KRW,미니금 99.99_100g,84730,0.1000,847.3000,27241.3072,84730.0000,"2025-05-19 14:59:17","2025-05-19 14:59:17",NULL,N
1097,"2023-05-19",KRW,금 99.99_1Kg,84100,1.0000,84.1000,2703.8758,84100.0000,"2025-05-19 14:59:17","2025-05-19 14:59:17",NULL,N
1098,"2023-05-19",KRW,미니금 99.99_100g,83850,0.1000,838.5000,26958.3809,83850.0000,"2025-05-19 14:59:17","2025-05-19 14:59:17",NULL,N
1099,"2023-05-22",KRW,금 99.99_1Kg,84110,1.0000,84.1100,2704.1973,84110.0000,"2025-05-19 14:59:17","2025-05-19 14:59:17",NULL,N
1100,"2023-05-22",KRW,미니금 99.99_100g,83640,0.1000,836.4000,26890.8644,83640.0000,"2025-05-19 14:59:17","2025-05-19 14:59:17",NULL,N
1101,"2023-05-23",KRW,금 99.99_1Kg,83090,1.0000,83.0900,2671.4035,83090.0000,"2025-05-19 14:59:17","2025-05-19 14:59:17",NULL,N
1102,"2023-05-23",KRW,미니금 99.99_100g,82800,0.1000,828.0000,26620.7983,82800.0000,"2025-05-19 14:59:17","2025-05-19 14:59:17",NULL,N
1103,"2023-05-24",KRW,금 99.99_1Kg,83820,1.0000,83.8200,2694.8736,83820.0000,"2025-05-19 14:59:17","2025-05-19 14:59:17",NULL,N
1104,"2023-05-24",KRW,미니금 99.99_100g,83650,0.1000,836.5000,26894.0794,83650.0000,"2025-05-19 14:59:17","2025-05-19 14:59:17",NULL,N
1105,"2023-05-25",KRW,금 99.99_1Kg,83650,1.0000,83.6500,2689.4079,83650.0000,"2025-05-19 14:59:17","2025-05-19 14:59:17",NULL,N
1106,"2023-05-25",KRW,미니금 99.99_100g,83300,0.1000,833.0000,26781.5519,83300.0000,"2025-05-19 14:59:17","2025-05-19 14:59:17",NULL,N
1107,"2023-05-26",KRW,금 99.99_1Kg,83220,1.0000,83.2200,2675.5831,83220.0000,"2025-05-19 14:59:17","2025-05-19 14:59:17",NULL,N
1108,"2023-05-26",KRW,미니금 99.99_100g,82900,0.1000,829.0000,26652.9490,82900.0000,"2025-05-19 14:59:17","2025-05-19 14:59:17",NULL,N
1109,"2023-05-30",KRW,금 99.99_1Kg,82510,1.0000,82.5100,2652.7561,82510.0000,"2025-05-19 14:59:17","2025-05-19 14:59:17",NULL,N
1110,"2023-05-30",KRW,미니금 99.99_100g,82280,0.1000,822.8000,26453.6145,82280.0000,"2025-05-19 14:59:17","2025-05-19 14:59:17",NULL,N
1111,"2023-05-31",KRW,금 99.99_1Kg,83450,1.0000,83.4500,2682.9778,83450.0000,"2025-05-19 14:59:17","2025-05-19 14:59:17",NULL,N
1112,"2023-05-31",KRW,미니금 99.99_100g,83350,0.1000,833.5000,26797.6273,83350.0000,"2025-05-19 14:59:17","2025-05-19 14:59:17",NULL,N
1113,"2023-06-01",KRW,금 99.99_1Kg,83480,1.0000,83.4800,2683.9423,83480.0000,"2025-05-19 14:59:17","2025-05-19 14:59:17",NULL,N
1114,"2023-06-01",KRW,미니금 99.99_100g,83380,0.1000,833.8000,26807.2725,83380.0000,"2025-05-19 14:59:17","2025-05-19 14:59:17",NULL,N
1115,"2023-06-02",KRW,금 99.99_1Kg,83020,1.0000,83.0200,2669.1530,83020.0000,"2025-05-19 14:59:17","2025-05-19 14:59:17",NULL,N
1116,"2023-06-02",KRW,미니금 99.99_100g,82900,0.1000,829.0000,26652.9490,82900.0000,"2025-05-19 14:59:17","2025-05-19 14:59:17",NULL,N
1117,"2023-06-05",KRW,금 99.99_1Kg,81700,1.0000,81.7000,2626.7140,81700.0000,"2025-05-19 14:59:17","2025-05-19 14:59:17",NULL,N
1118,"2023-06-05",KRW,미니금 99.99_100g,81770,0.1000,817.7000,26289.6459,81770.0000,"2025-05-19 14:59:17","2025-05-19 14:59:17",NULL,N
1119,"2023-06-07",KRW,금 99.99_1Kg,82150,1.0000,82.1500,2641.1819,82150.0000,"2025-05-19 14:59:17","2025-05-19 14:59:17",NULL,N
1120,"2023-06-07",KRW,미니금 99.99_100g,82000,0.1000,820.0000,26363.5925,82000.0000,"2025-05-19 14:59:17","2025-05-19 14:59:17",NULL,N
1121,"2023-06-08",KRW,금 99.99_1Kg,81660,1.0000,81.6600,2625.4280,81660.0000,"2025-05-19 14:59:17","2025-05-19 14:59:17",NULL,N
1122,"2023-06-08",KRW,미니금 99.99_100g,81490,0.1000,814.9000,26199.6238,81490.0000,"2025-05-19 14:59:17","2025-05-19 14:59:17",NULL,N
1123,"2023-06-09",KRW,금 99.99_1Kg,81830,1.0000,81.8300,2630.8936,81830.0000,"2025-05-19 14:59:17","2025-05-19 14:59:17",NULL,N
1124,"2023-06-09",KRW,미니금 99.99_100g,81630,0.1000,816.3000,26244.6348,81630.0000,"2025-05-19 14:59:17","2025-05-19 14:59:17",NULL,N
1125,"2023-06-12",KRW,금 99.99_1Kg,81440,1.0000,81.4400,2618.3548,81440.0000,"2025-05-19 14:59:17","2025-05-19 14:59:17",NULL,N
1126,"2023-06-12",KRW,미니금 99.99_100g,81180,0.1000,811.8000,26099.9566,81180.0000,"2025-05-19 14:59:17","2025-05-19 14:59:17",NULL,N
1127,"2023-06-13",KRW,금 99.99_1Kg,80270,1.0000,80.2700,2580.7385,80270.0000,"2025-05-19 14:59:17","2025-05-19 14:59:17",NULL,N
1128,"2023-06-13",KRW,미니금 99.99_100g,80200,0.1000,802.0000,25784.8795,80200.0000,"2025-05-19 14:59:17","2025-05-19 14:59:17",NULL,N
1129,"2023-06-14",KRW,금 99.99_1Kg,80180,1.0000,80.1800,2577.8449,80180.0000,"2025-05-19 14:59:17","2025-05-19 14:59:17",NULL,N
1130,"2023-06-14",KRW,미니금 99.99_100g,79890,0.1000,798.9000,25685.2123,79890.0000,"2025-05-19 14:59:17","2025-05-19 14:59:17",NULL,N
1131,"2023-06-15",KRW,금 99.99_1Kg,80000,1.0000,80.0000,2572.0578,80000.0000,"2025-05-19 14:59:17","2025-05-19 14:59:17",NULL,N
1132,"2023-06-15",KRW,미니금 99.99_100g,79650,0.1000,796.5000,25608.0505,79650.0000,"2025-05-19 14:59:17","2025-05-19 14:59:17",NULL,N
1133,"2023-06-16",KRW,금 99.99_1Kg,80410,1.0000,80.4100,2585.2396,80410.0000,"2025-05-19 14:59:17","2025-05-19 14:59:17",NULL,N
1134,"2023-06-16",KRW,미니금 99.99_100g,79720,0.1000,797.2000,25630.5560,79720.0000,"2025-05-19 14:59:17","2025-05-19 14:59:17",NULL,N
1135,"2023-06-19",KRW,금 99.99_1Kg,80850,1.0000,80.8500,2599.3859,80850.0000,"2025-05-19 14:59:17","2025-05-19 14:59:17",NULL,N
1136,"2023-06-19",KRW,미니금 99.99_100g,80320,0.1000,803.2000,25823.4604,80320.0000,"2025-05-19 14:59:17","2025-05-19 14:59:17",NULL,N
1137,"2023-06-20",KRW,금 99.99_1Kg,80650,1.0000,80.6500,2592.9558,80650.0000,"2025-05-19 14:59:17","2025-05-19 14:59:17",NULL,N
1138,"2023-06-20",KRW,미니금 99.99_100g,80170,0.1000,801.7000,25775.2343,80170.0000,"2025-05-19 14:59:17","2025-05-19 14:59:17",NULL,N
1139,"2023-06-21",KRW,금 99.99_1Kg,80600,1.0000,80.6000,2591.3482,80600.0000,"2025-05-19 14:59:17","2025-05-19 14:59:17",NULL,N
1140,"2023-06-21",KRW,미니금 99.99_100g,80210,0.1000,802.1000,25788.0946,80210.0000,"2025-05-19 14:59:17","2025-05-19 14:59:17",NULL,N
1141,"2023-06-22",KRW,금 99.99_1Kg,80560,1.0000,80.5600,2590.0622,80560.0000,"2025-05-19 14:59:17","2025-05-19 14:59:17",NULL,N
1142,"2023-06-22",KRW,미니금 99.99_100g,80250,0.1000,802.5000,25800.9549,80250.0000,"2025-05-19 14:59:17","2025-05-19 14:59:17",NULL,N
1143,"2023-06-23",KRW,금 99.99_1Kg,80760,1.0000,80.7600,2596.4924,80760.0000,"2025-05-19 14:59:17","2025-05-19 14:59:17",NULL,N
1144,"2023-06-23",KRW,미니금 99.99_100g,80270,0.1000,802.7000,25807.3850,80270.0000,"2025-05-19 14:59:17","2025-05-19 14:59:17",NULL,N
1145,"2023-06-26",KRW,금 99.99_1Kg,80910,1.0000,80.9100,2601.3150,80910.0000,"2025-05-19 14:59:17","2025-05-19 14:59:17",NULL,N
1146,"2023-06-26",KRW,미니금 99.99_100g,80600,0.1000,806.0000,25913.4824,80600.0000,"2025-05-19 14:59:17","2025-05-19 14:59:17",NULL,N
1147,"2023-06-27",KRW,금 99.99_1Kg,80710,1.0000,80.7100,2594.8848,80710.0000,"2025-05-19 14:59:17","2025-05-19 14:59:17",NULL,N
1148,"2023-06-27",KRW,미니금 99.99_100g,80400,0.1000,804.0000,25849.1810,80400.0000,"2025-05-19 14:59:17","2025-05-19 14:59:17",NULL,N
1149,"2023-06-28",KRW,금 99.99_1Kg,80760,1.0000,80.7600,2596.4924,80760.0000,"2025-05-19 14:59:17","2025-05-19 14:59:17",NULL,N
1150,"2023-06-28",KRW,미니금 99.99_100g,80420,0.1000,804.2000,25855.6111,80420.0000,"2025-05-19 14:59:17","2025-05-19 14:59:17",NULL,N
1151,"2023-06-29",KRW,금 99.99_1Kg,80810,1.0000,80.8100,2598.0999,80810.0000,"2025-05-19 14:59:17","2025-05-19 14:59:17",NULL,N
1152,"2023-06-29",KRW,미니금 99.99_100g,80450,0.1000,804.5000,25865.2563,80450.0000,"2025-05-19 14:59:17","2025-05-19 14:59:17",NULL,N
1153,"2023-06-30",KRW,금 99.99_1Kg,80990,1.0000,80.9900,2603.8870,80990.0000,"2025-05-19 14:59:17","2025-05-19 14:59:17",NULL,N
1154,"2023-06-30",KRW,미니금 99.99_100g,80690,0.1000,806.9000,25942.4181,80690.0000,"2025-05-19 14:59:17","2025-05-19 14:59:17",NULL,N
1155,"2023-07-03",KRW,금 99.99_1Kg,80940,1.0000,80.9400,2602.2795,80940.0000,"2025-05-19 14:59:17","2025-05-19 14:59:17",NULL,N
1156,"2023-07-03",KRW,미니금 99.99_100g,80550,0.1000,805.5000,25897.4070,80550.0000,"2025-05-19 14:59:17","2025-05-19 14:59:17",NULL,N
1157,"2023-07-04",KRW,금 99.99_1Kg,80810,1.0000,80.8100,2598.0999,80810.0000,"2025-05-19 14:59:17","2025-05-19 14:59:17",NULL,N
1158,"2023-07-04",KRW,미니금 99.99_100g,80560,0.1000,805.6000,25900.6221,80560.0000,"2025-05-19 14:59:17","2025-05-19 14:59:17",NULL,N
1159,"2023-07-05",KRW,금 99.99_1Kg,80710,1.0000,80.7100,2594.8848,80710.0000,"2025-05-19 14:59:17","2025-05-19 14:59:17",NULL,N
1160,"2023-07-05",KRW,미니금 99.99_100g,80310,0.1000,803.1000,25820.2453,80310.0000,"2025-05-19 14:59:17","2025-05-19 14:59:17",NULL,N
1161,"2023-07-06",KRW,금 99.99_1Kg,80670,1.0000,80.6700,2593.5988,80670.0000,"2025-05-19 14:59:17","2025-05-19 14:59:17",NULL,N
1162,"2023-07-06",KRW,미니금 99.99_100g,80220,0.1000,802.2000,25791.3097,80220.0000,"2025-05-19 14:59:17","2025-05-19 14:59:17",NULL,N
1163,"2023-07-07",KRW,금 99.99_1Kg,80600,1.0000,80.6000,2591.3482,80600.0000,"2025-05-19 14:59:17","2025-05-19 14:59:17",NULL,N
1164,"2023-07-07",KRW,미니금 99.99_100g,80300,0.1000,803.0000,25817.0302,80300.0000,"2025-05-19 14:59:17","2025-05-19 14:59:17",NULL,N
1165,"2023-07-10",KRW,금 99.99_1Kg,80860,1.0000,80.8600,2599.7074,80860.0000,"2025-05-19 14:59:17","2025-05-19 14:59:17",NULL,N
1166,"2023-07-10",KRW,미니금 99.99_100g,80600,0.1000,806.0000,25913.4824,80600.0000,"2025-05-19 14:59:17","2025-05-19 14:59:17",NULL,N
1167,"2023-07-11",KRW,금 99.99_1Kg,80670,1.0000,80.6700,2593.5988,80670.0000,"2025-05-19 14:59:17","2025-05-19 14:59:17",NULL,N
1168,"2023-07-11",KRW,미니금 99.99_100g,80170,0.1000,801.7000,25775.2343,80170.0000,"2025-05-19 14:59:17","2025-05-19 14:59:17",NULL,N
1169,"2023-07-12",KRW,금 99.99_1Kg,80630,1.0000,80.6300,2592.3128,80630.0000,"2025-05-19 14:59:17","2025-05-19 14:59:17",NULL,N
1170,"2023-07-12",KRW,미니금 99.99_100g,80290,0.1000,802.9000,25813.8152,80290.0000,"2025-05-19 14:59:17","2025-05-19 14:59:17",NULL,N
1171,"2023-07-13",KRW,금 99.99_1Kg,80700,1.0000,80.7000,2594.5633,80700.0000,"2025-05-19 14:59:17","2025-05-19 14:59:17",NULL,N
1172,"2023-07-13",KRW,미니금 99.99_100g,80260,0.1000,802.6000,25804.1699,80260.0000,"2025-05-19 14:59:17","2025-05-19 14:59:17",NULL,N
1173,"2023-07-14",KRW,금 99.99_1Kg,80080,1.0000,80.0800,2574.6299,80080.0000,"2025-05-19 14:59:17","2025-05-19 14:59:17",NULL,N
1174,"2023-07-14",KRW,미니금 99.99_100g,79760,0.1000,797.6000,25643.4163,79760.0000,"2025-05-19 14:59:17","2025-05-19 14:59:17",NULL,N
1175,"2023-07-17",KRW,금 99.99_1Kg,79820,1.0000,79.8200,2566.2707,79820.0000,"2025-05-19 14:59:17","2025-05-19 14:59:17",NULL,N
1176,"2023-07-17",KRW,미니금 99.99_100g,79580,0.1000,795.8000,25585.5450,79580.0000,"2025-05-19 14:59:17","2025-05-19 14:59:17",NULL,N
1177,"2023-07-18",KRW,금 99.99_1Kg,79770,1.0000,79.7700,2564.6631,79770.0000,"2025-05-19 14:59:17","2025-05-19 14:59:17",NULL,N
1178,"2023-07-18",KRW,미니금 99.99_100g,79460,0.1000,794.6000,25546.9642,79460.0000,"2025-05-19 14:59:17","2025-05-19 14:59:17",NULL,N
1179,"2023-07-19",KRW,금 99.99_1Kg,80750,1.0000,80.7500,2596.1708,80750.0000,"2025-05-19 14:59:17","2025-05-19 14:59:17",NULL,N
1180,"2023-07-19",KRW,미니금 99.99_100g,80500,0.1000,805.0000,25881.3317,80500.0000,"2025-05-19 14:59:17","2025-05-19 14:59:17",NULL,N
1181,"2023-07-20",KRW,금 99.99_1Kg,80950,1.0000,80.9500,2602.6010,80950.0000,"2025-05-19 14:59:17","2025-05-19 14:59:17",NULL,N
1182,"2023-07-20",KRW,미니금 99.99_100g,80700,0.1000,807.0000,25945.6331,80700.0000,"2025-05-19 14:59:17","2025-05-19 14:59:17",NULL,N
1183,"2023-07-21",KRW,금 99.99_1Kg,81570,1.0000,81.5700,2622.5344,81570.0000,"2025-05-19 14:59:17","2025-05-19 14:59:17",NULL,N
1184,"2023-07-21",KRW,미니금 99.99_100g,81240,0.1000,812.4000,26119.2470,81240.0000,"2025-05-19 14:59:17","2025-05-19 14:59:17",NULL,N
1185,"2023-07-24",KRW,금 99.99_1Kg,80870,1.0000,80.8700,2600.0289,80870.0000,"2025-05-19 14:59:17","2025-05-19 14:59:17",NULL,N
1186,"2023-07-24",KRW,미니금 99.99_100g,80640,0.1000,806.4000,25926.3427,80640.0000,"2025-05-19 14:59:17","2025-05-19 14:59:17",NULL,N
1187,"2023-07-25",KRW,금 99.99_1Kg,80840,1.0000,80.8400,2599.0644,80840.0000,"2025-05-19 14:59:17","2025-05-19 14:59:17",NULL,N
1188,"2023-07-25",KRW,미니금 99.99_100g,80590,0.1000,805.9000,25910.2673,80590.0000,"2025-05-19 14:59:17","2025-05-19 14:59:17",NULL,N
1189,"2023-07-26",KRW,금 99.99_1Kg,80900,1.0000,80.9000,2600.9935,80900.0000,"2025-05-19 14:59:17","2025-05-19 14:59:17",NULL,N
1190,"2023-07-26",KRW,미니금 99.99_100g,80590,0.1000,805.9000,25910.2673,80590.0000,"2025-05-19 14:59:17","2025-05-19 14:59:17",NULL,N
1191,"2023-07-27",KRW,금 99.99_1Kg,81190,1.0000,81.1900,2610.3172,81190.0000,"2025-05-19 14:59:17","2025-05-19 14:59:17",NULL,N
1192,"2023-07-27",KRW,미니금 99.99_100g,81010,0.1000,810.1000,26045.3004,81010.0000,"2025-05-19 14:59:17","2025-05-19 14:59:17",NULL,N
1193,"2023-07-28",KRW,금 99.99_1Kg,80310,1.0000,80.3100,2582.0245,80310.0000,"2025-05-19 14:59:17","2025-05-19 14:59:17",NULL,N
1194,"2023-07-28",KRW,미니금 99.99_100g,80080,0.1000,800.8000,25746.2986,80080.0000,"2025-05-19 14:59:17","2025-05-19 14:59:17",NULL,N
1195,"2023-07-31",KRW,금 99.99_1Kg,80400,1.0000,80.4000,2584.9181,80400.0000,"2025-05-19 14:59:17","2025-05-19 14:59:17",NULL,N
1196,"2023-07-31",KRW,미니금 99.99_100g,79910,0.1000,799.1000,25691.6424,79910.0000,"2025-05-19 14:59:17","2025-05-19 14:59:17",NULL,N
1197,"2023-08-01",KRW,금 99.99_1Kg,80750,1.0000,80.7500,2596.1708,80750.0000,"2025-05-19 14:59:17","2025-05-19 14:59:17",NULL,N
1198,"2023-08-01",KRW,미니금 99.99_100g,80690,0.1000,806.9000,25942.4181,80690.0000,"2025-05-19 14:59:17","2025-05-19 14:59:17",NULL,N
1199,"2023-08-02",KRW,금 99.99_1Kg,81380,1.0000,81.3800,2616.4258,81380.0000,"2025-05-19 14:59:17","2025-05-19 14:59:17",NULL,N
1200,"2023-08-02",KRW,미니금 99.99_100g,81100,0.1000,811.0000,26074.2360,81100.0000,"2025-05-19 14:59:17","2025-05-19 14:59:17",NULL,N
1201,"2023-08-03",KRW,금 99.99_1Kg,80990,1.0000,80.9900,2603.8870,80990.0000,"2025-05-19 14:59:17","2025-05-19 14:59:17",NULL,N
1202,"2023-08-03",KRW,미니금 99.99_100g,80710,0.1000,807.1000,25948.8482,80710.0000,"2025-05-19 14:59:17","2025-05-19 14:59:17",NULL,N
1203,"2023-08-04",KRW,금 99.99_1Kg,81500,1.0000,81.5000,2620.2839,81500.0000,"2025-05-19 14:59:17","2025-05-19 14:59:17",NULL,N
1204,"2023-08-04",KRW,미니금 99.99_100g,81380,0.1000,813.8000,26164.2580,81380.0000,"2025-05-19 14:59:17","2025-05-19 14:59:17",NULL,N
1205,"2023-08-07",KRW,금 99.99_1Kg,81370,1.0000,81.3700,2616.1043,81370.0000,"2025-05-19 14:59:17","2025-05-19 14:59:17",NULL,N
1206,"2023-08-07",KRW,미니금 99.99_100g,81150,0.1000,811.5000,26090.3114,81150.0000,"2025-05-19 14:59:17","2025-05-19 14:59:17",NULL,N
1207,"2023-08-08",KRW,금 99.99_1Kg,81820,1.0000,81.8200,2630.5721,81820.0000,"2025-05-19 14:59:17","2025-05-19 14:59:17",NULL,N
1208,"2023-08-08",KRW,미니금 99.99_100g,81650,0.1000,816.5000,26251.0650,81650.0000,"2025-05-19 14:59:17","2025-05-19 14:59:17",NULL,N
1209,"2023-08-09",KRW,금 99.99_1Kg,81830,1.0000,81.8300,2630.8936,81830.0000,"2025-05-19 14:59:17","2025-05-19 14:59:17",NULL,N
1210,"2023-08-09",KRW,미니금 99.99_100g,81610,0.1000,816.1000,26238.2047,81610.0000,"2025-05-19 14:59:17","2025-05-19 14:59:17",NULL,N
1211,"2023-08-10",KRW,금 99.99_1Kg,81270,1.0000,81.2700,2612.8892,81270.0000,"2025-05-19 14:59:17","2025-05-19 14:59:17",NULL,N
1212,"2023-08-10",KRW,미니금 99.99_100g,81000,0.1000,810.0000,26042.0853,81000.0000,"2025-05-19 14:59:17","2025-05-19 14:59:17",NULL,N
1213,"2023-08-11",KRW,금 99.99_1Kg,81600,1.0000,81.6000,2623.4990,81600.0000,"2025-05-19 14:59:17","2025-05-19 14:59:17",NULL,N
1214,"2023-08-11",KRW,미니금 99.99_100g,81400,0.1000,814.0000,26170.6882,81400.0000,"2025-05-19 14:59:17","2025-05-19 14:59:17",NULL,N
1215,"2023-08-14",KRW,금 99.99_1Kg,81930,1.0000,81.9300,2634.1087,81930.0000,"2025-05-19 14:59:17","2025-05-19 14:59:17",NULL,N
1216,"2023-08-14",KRW,미니금 99.99_100g,81640,0.1000,816.4000,26247.8499,81640.0000,"2025-05-19 14:59:17","2025-05-19 14:59:17",NULL,N
1217,"2023-08-16",KRW,금 99.99_1Kg,81970,1.0000,81.9700,2635.3947,81970.0000,"2025-05-19 14:59:17","2025-05-19 14:59:17",NULL,N
1218,"2023-08-16",KRW,미니금 99.99_100g,81830,0.1000,818.3000,26308.9363,81830.0000,"2025-05-19 14:59:17","2025-05-19 14:59:17",NULL,N
1219,"2023-08-17",KRW,금 99.99_1Kg,81750,1.0000,81.7500,2628.3216,81750.0000,"2025-05-19 14:59:17","2025-05-19 14:59:17",NULL,N
1220,"2023-08-17",KRW,미니금 99.99_100g,81550,0.1000,815.5000,26218.9143,81550.0000,"2025-05-19 14:59:17","2025-05-19 14:59:17",NULL,N
1221,"2023-08-18",KRW,금 99.99_1Kg,81620,1.0000,81.6200,2624.1420,81620.0000,"2025-05-19 14:59:17","2025-05-19 14:59:17",NULL,N
1222,"2023-08-18",KRW,미니금 99.99_100g,81340,0.1000,813.4000,26151.3978,81340.0000,"2025-05-19 14:59:17","2025-05-19 14:59:17",NULL,N
1223,"2023-08-21",KRW,금 99.99_1Kg,81710,1.0000,81.7100,2627.0355,81710.0000,"2025-05-19 14:59:17","2025-05-19 14:59:17",NULL,N
1224,"2023-08-21",KRW,미니금 99.99_100g,81280,0.1000,812.8000,26132.1073,81280.0000,"2025-05-19 14:59:17","2025-05-19 14:59:17",NULL,N
1225,"2023-08-22",KRW,금 99.99_1Kg,81670,1.0000,81.6700,2625.7495,81670.0000,"2025-05-19 14:59:17","2025-05-19 14:59:17",NULL,N
1226,"2023-08-22",KRW,미니금 99.99_100g,81450,0.1000,814.5000,26186.7635,81450.0000,"2025-05-19 14:59:17","2025-05-19 14:59:17",NULL,N
1227,"2023-08-23",KRW,금 99.99_1Kg,81950,1.0000,81.9500,2634.7517,81950.0000,"2025-05-19 14:59:17","2025-05-19 14:59:17",NULL,N
1228,"2023-08-23",KRW,미니금 99.99_100g,81700,0.1000,817.0000,26267.1404,81700.0000,"2025-05-19 14:59:17","2025-05-19 14:59:17",NULL,N
1229,"2023-08-24",KRW,금 99.99_1Kg,81800,1.0000,81.8000,2629.9291,81800.0000,"2025-05-19 14:59:17","2025-05-19 14:59:17",NULL,N
1230,"2023-08-24",KRW,미니금 99.99_100g,81450,0.1000,814.5000,26186.7635,81450.0000,"2025-05-19 14:59:17","2025-05-19 14:59:17",NULL,N
1231,"2023-08-25",KRW,금 99.99_1Kg,81750,1.0000,81.7500,2628.3216,81750.0000,"2025-05-19 14:59:17","2025-05-19 14:59:17",NULL,N
1232,"2023-08-25",KRW,미니금 99.99_100g,81460,0.1000,814.6000,26189.9786,81460.0000,"2025-05-19 14:59:17","2025-05-19 14:59:17",NULL,N
1233,"2023-08-28",KRW,금 99.99_1Kg,81700,1.0000,81.7000,2626.7140,81700.0000,"2025-05-19 14:59:17","2025-05-19 14:59:17",NULL,N
1234,"2023-08-28",KRW,미니금 99.99_100g,81430,0.1000,814.3000,26180.3334,81430.0000,"2025-05-19 14:59:17","2025-05-19 14:59:17",NULL,N
1235,"2023-08-29",KRW,금 99.99_1Kg,81980,1.0000,81.9800,2635.7162,81980.0000,"2025-05-19 14:59:17","2025-05-19 14:59:17",NULL,N
1236,"2023-08-29",KRW,미니금 99.99_100g,81650,0.1000,816.5000,26251.0650,81650.0000,"2025-05-19 14:59:17","2025-05-19 14:59:17",NULL,N
1237,"2023-08-30",KRW,금 99.99_1Kg,82510,1.0000,82.5100,2652.7561,82510.0000,"2025-05-19 14:59:17","2025-05-19 14:59:17",NULL,N
1238,"2023-08-30",KRW,미니금 99.99_100g,82160,0.1000,821.6000,26415.0337,82160.0000,"2025-05-19 14:59:17","2025-05-19 14:59:17",NULL,N
1239,"2023-08-31",KRW,금 99.99_1Kg,82790,1.0000,82.7900,2661.7583,82790.0000,"2025-05-19 14:59:17","2025-05-19 14:59:17",NULL,N
1240,"2023-08-31",KRW,미니금 99.99_100g,82470,0.1000,824.7000,26514.7009,82470.0000,"2025-05-19 14:59:17","2025-05-19 14:59:17",NULL,N
1241,"2023-09-01",KRW,금 99.99_1Kg,82410,1.0000,82.4100,2649.5410,82410.0000,"2025-05-19 14:59:17","2025-05-19 14:59:17",NULL,N
1242,"2023-09-01",KRW,미니금 99.99_100g,82200,0.1000,822.0000,26427.8940,82200.0000,"2025-05-19 14:59:17","2025-05-19 14:59:17",NULL,N
1243,"2023-09-04",KRW,금 99.99_1Kg,82750,1.0000,82.7500,2660.4723,82750.0000,"2025-05-19 14:59:17","2025-05-19 14:59:17",NULL,N
1244,"2023-09-04",KRW,미니금 99.99_100g,82450,0.1000,824.5000,26508.2708,82450.0000,"2025-05-19 14:59:17","2025-05-19 14:59:17",NULL,N
1245,"2023-09-05",KRW,금 99.99_1Kg,82860,1.0000,82.8600,2664.0089,82860.0000,"2025-05-19 14:59:17","2025-05-19 14:59:17",NULL,N
1246,"2023-09-05",KRW,미니금 99.99_100g,82570,0.1000,825.7000,26546.8516,82570.0000,"2025-05-19 14:59:17","2025-05-19 14:59:17",NULL,N
1247,"2023-09-06",KRW,금 99.99_1Kg,82700,1.0000,82.7000,2658.8648,82700.0000,"2025-05-19 14:59:17","2025-05-19 14:59:17",NULL,N
1248,"2023-09-06",KRW,미니금 99.99_100g,82400,0.1000,824.0000,26492.1954,82400.0000,"2025-05-19 14:59:17","2025-05-19 14:59:17",NULL,N
1249,"2023-09-07",KRW,금 99.99_1Kg,82670,1.0000,82.6700,2657.9002,82670.0000,"2025-05-19 14:59:17","2025-05-19 14:59:17",NULL,N
1250,"2023-09-07",KRW,미니금 99.99_100g,82320,0.1000,823.2000,26466.4748,82320.0000,"2025-05-19 14:59:17","2025-05-19 14:59:17",NULL,N
1251,"2023-09-08",KRW,금 99.99_1Kg,82790,1.0000,82.7900,2661.7583,82790.0000,"2025-05-19 14:59:17","2025-05-19 14:59:17",NULL,N
1252,"2023-09-08",KRW,미니금 99.99_100g,82500,0.1000,825.0000,26524.3461,82500.0000,"2025-05-19 14:59:17","2025-05-19 14:59:17",NULL,N
1253,"2023-09-11",KRW,금 99.99_1Kg,82800,1.0000,82.8000,2662.0798,82800.0000,"2025-05-19 14:59:17","2025-05-19 14:59:17",NULL,N
1254,"2023-09-11",KRW,미니금 99.99_100g,82440,0.1000,824.4000,26505.0557,82440.0000,"2025-05-19 14:59:17","2025-05-19 14:59:17",NULL,N
1255,"2023-09-12",KRW,금 99.99_1Kg,82350,1.0000,82.3500,2647.6120,82350.0000,"2025-05-19 14:59:17","2025-05-19 14:59:17",NULL,N
1256,"2023-09-12",KRW,미니금 99.99_100g,81920,0.1000,819.2000,26337.8719,81920.0000,"2025-05-19 14:59:17","2025-05-19 14:59:17",NULL,N
1257,"2023-09-13",KRW,금 99.99_1Kg,82120,1.0000,82.1200,2640.2173,82120.0000,"2025-05-19 14:59:17","2025-05-19 14:59:17",NULL,N
1258,"2023-09-13",KRW,미니금 99.99_100g,81720,0.1000,817.2000,26273.5705,81720.0000,"2025-05-19 14:59:17","2025-05-19 14:59:17",NULL,N
1259,"2023-09-14",KRW,금 99.99_1Kg,81810,1.0000,81.8100,2630.2506,81810.0000,"2025-05-19 14:59:17","2025-05-19 14:59:17",NULL,N
1260,"2023-09-14",KRW,미니금 99.99_100g,81480,0.1000,814.8000,26196.4088,81480.0000,"2025-05-19 14:59:17","2025-05-19 14:59:17",NULL,N
1261,"2023-09-15",KRW,금 99.99_1Kg,82110,1.0000,82.1100,2639.8958,82110.0000,"2025-05-19 14:59:17","2025-05-19 14:59:17",NULL,N
1262,"2023-09-15",KRW,미니금 99.99_100g,81940,0.1000,819.4000,26344.3021,81940.0000,"2025-05-19 14:59:17","2025-05-19 14:59:17",NULL,N
1263,"2023-09-18",KRW,금 99.99_1Kg,82500,1.0000,82.5000,2652.4346,82500.0000,"2025-05-19 14:59:17","2025-05-19 14:59:17",NULL,N
1264,"2023-09-18",KRW,미니금 99.99_100g,82150,0.1000,821.5000,26411.8186,82150.0000,"2025-05-19 14:59:17","2025-05-19 14:59:17",NULL,N
1265,"2023-09-19",KRW,금 99.99_1Kg,82560,1.0000,82.5600,2654.3637,82560.0000,"2025-05-19 14:59:17","2025-05-19 14:59:17",NULL,N
1266,"2023-09-19",KRW,미니금 99.99_100g,82300,0.1000,823.0000,26460.0447,82300.0000,"2025-05-19 14:59:17","2025-05-19 14:59:17",NULL,N
1267,"2023-09-20",KRW,금 99.99_1Kg,82790,1.0000,82.7900,2661.7583,82790.0000,"2025-05-19 14:59:17","2025-05-19 14:59:17",NULL,N
1268,"2023-09-20",KRW,미니금 99.99_100g,82470,0.1000,824.7000,26514.7009,82470.0000,"2025-05-19 14:59:17","2025-05-19 14:59:17",NULL,N
1269,"2023-09-21",KRW,금 99.99_1Kg,83300,1.0000,83.3000,2678.1552,83300.0000,"2025-05-19 14:59:17","2025-05-19 14:59:17",NULL,N
1270,"2023-09-21",KRW,미니금 99.99_100g,83050,0.1000,830.5000,26701.1751,83050.0000,"2025-05-19 14:59:17","2025-05-19 14:59:17",NULL,N
1271,"2023-09-22",KRW,금 99.99_1Kg,83050,1.0000,83.0500,2670.1175,83050.0000,"2025-05-19 14:59:17","2025-05-19 14:59:17",NULL,N
1272,"2023-09-22",KRW,미니금 99.99_100g,82660,0.1000,826.6000,26575.7873,82660.0000,"2025-05-19 14:59:17","2025-05-19 14:59:17",NULL,N
1273,"2023-09-25",KRW,금 99.99_1Kg,82750,1.0000,82.7500,2660.4723,82750.0000,"2025-05-19 14:59:17","2025-05-19 14:59:17",NULL,N
1274,"2023-09-25",KRW,미니금 99.99_100g,82550,0.1000,825.5000,26540.4215,82550.0000,"2025-05-19 14:59:17","2025-05-19 14:59:17",NULL,N
1275,"2023-09-26",KRW,금 99.99_1Kg,83210,1.0000,83.2100,2675.2616,83210.0000,"2025-05-19 14:59:17","2025-05-19 14:59:17",NULL,N
1276,"2023-09-26",KRW,미니금 99.99_100g,82930,0.1000,829.3000,26662.5942,82930.0000,"2025-05-19 14:59:17","2025-05-19 14:59:17",NULL,N
1277,"2023-09-27",KRW,금 99.99_1Kg,82730,1.0000,82.7300,2659.8293,82730.0000,"2025-05-19 14:59:17","2025-05-19 14:59:17",NULL,N
1278,"2023-09-27",KRW,미니금 99.99_100g,82300,0.1000,823.0000,26460.0447,82300.0000,"2025-05-19 14:59:17","2025-05-19 14:59:17",NULL,N
1279,"2023-10-04",KRW,금 99.99_1Kg,80470,1.0000,80.4700,2587.1686,80470.0000,"2025-05-19 14:59:17","2025-05-19 14:59:17",NULL,N
1280,"2023-10-04",KRW,미니금 99.99_100g,80290,0.1000,802.9000,25813.8152,80290.0000,"2025-05-19 14:59:17","2025-05-19 14:59:17",NULL,N
1281,"2023-10-05",KRW,금 99.99_1Kg,80200,1.0000,80.2000,2578.4880,80200.0000,"2025-05-19 14:59:17","2025-05-19 14:59:17",NULL,N
1282,"2023-10-05",KRW,미니금 99.99_100g,79810,0.1000,798.1000,25659.4917,79810.0000,"2025-05-19 14:59:17","2025-05-19 14:59:17",NULL,N
1283,"2023-10-06",KRW,금 99.99_1Kg,80510,1.0000,80.5100,2588.4547,80510.0000,"2025-05-19 14:59:17","2025-05-19 14:59:17",NULL,N
1284,"2023-10-06",KRW,미니금 99.99_100g,80010,0.1000,800.1000,25723.7931,80010.0000,"2025-05-19 14:59:17","2025-05-19 14:59:17",NULL,N
1285,"2023-10-10",KRW,금 99.99_1Kg,81470,1.0000,81.4700,2619.3194,81470.0000,"2025-05-19 14:59:17","2025-05-19 14:59:17",NULL,N
1286,"2023-10-10",KRW,미니금 99.99_100g,81550,0.1000,815.5000,26218.9143,81550.0000,"2025-05-19 14:59:17","2025-05-19 14:59:17",NULL,N
1287,"2023-10-11",KRW,금 99.99_1Kg,81070,1.0000,81.0700,2606.4591,81070.0000,"2025-05-19 14:59:17","2025-05-19 14:59:17",NULL,N
1288,"2023-10-11",KRW,미니금 99.99_100g,81310,0.1000,813.1000,26141.7525,81310.0000,"2025-05-19 14:59:17","2025-05-19 14:59:17",NULL,N
1289,"2023-10-12",KRW,금 99.99_1Kg,81630,1.0000,81.6300,2624.4635,81630.0000,"2025-05-19 14:59:17","2025-05-19 14:59:17",NULL,N
1290,"2023-10-12",KRW,미니금 99.99_100g,81870,0.1000,818.7000,26321.7966,81870.0000,"2025-05-19 14:59:17","2025-05-19 14:59:17",NULL,N
1291,"2023-10-13",KRW,금 99.99_1Kg,81820,1.0000,81.8200,2630.5721,81820.0000,"2025-05-19 14:59:17","2025-05-19 14:59:17",NULL,N
1292,"2023-10-13",KRW,미니금 99.99_100g,81790,0.1000,817.9000,26296.0760,81790.0000,"2025-05-19 14:59:17","2025-05-19 14:59:17",NULL,N
1293,"2023-10-16",KRW,금 99.99_1Kg,83260,1.0000,83.2600,2676.8692,83260.0000,"2025-05-19 14:59:17","2025-05-19 14:59:17",NULL,N
1294,"2023-10-16",KRW,미니금 99.99_100g,83600,0.1000,836.0000,26878.0041,83600.0000,"2025-05-19 14:59:17","2025-05-19 14:59:17",NULL,N
1295,"2023-10-17",KRW,금 99.99_1Kg,83430,1.0000,83.4300,2682.3348,83430.0000,"2025-05-19 14:59:17","2025-05-19 14:59:17",NULL,N
1296,"2023-10-17",KRW,미니금 99.99_100g,83370,0.1000,833.7000,26804.0574,83370.0000,"2025-05-19 14:59:17","2025-05-19 14:59:17",NULL,N
1297,"2023-10-18",KRW,금 99.99_1Kg,84040,1.0000,84.0400,2701.9467,84040.0000,"2025-05-19 14:59:17","2025-05-19 14:59:17",NULL,N
1298,"2023-10-18",KRW,미니금 99.99_100g,84180,0.1000,841.8000,27064.4783,84180.0000,"2025-05-19 14:59:17","2025-05-19 14:59:17",NULL,N
1299,"2023-10-19",KRW,금 99.99_1Kg,84960,1.0000,84.9600,2731.5254,84960.0000,"2025-05-19 14:59:17","2025-05-19 14:59:17",NULL,N
1300,"2023-10-19",KRW,미니금 99.99_100g,84900,0.1000,849.0000,27295.9635,84900.0000,"2025-05-19 14:59:17","2025-05-19 14:59:17",NULL,N
1301,"2023-10-20",KRW,금 99.99_1Kg,85960,1.0000,85.9600,2763.6761,85960.0000,"2025-05-19 14:59:17","2025-05-19 14:59:17",NULL,N
1302,"2023-10-20",KRW,미니금 99.99_100g,85800,0.1000,858.0000,27585.3200,85800.0000,"2025-05-19 14:59:17","2025-05-19 14:59:17",NULL,N
1303,"2023-10-23",KRW,금 99.99_1Kg,86020,1.0000,86.0200,2765.6052,86020.0000,"2025-05-19 14:59:17","2025-05-19 14:59:17",NULL,N
1304,"2023-10-23",KRW,미니금 99.99_100g,85880,0.1000,858.8000,27611.0406,85880.0000,"2025-05-19 14:59:17","2025-05-19 14:59:17",NULL,N
1305,"2023-10-24",KRW,금 99.99_1Kg,85280,1.0000,85.2800,2741.8136,85280.0000,"2025-05-19 14:59:17","2025-05-19 14:59:17",NULL,N
1306,"2023-10-24",KRW,미니금 99.99_100g,85200,0.1000,852.0000,27392.4156,85200.0000,"2025-05-19 14:59:17","2025-05-19 14:59:17",NULL,N
1307,"2023-10-25",KRW,금 99.99_1Kg,85520,1.0000,85.5200,2749.5298,85520.0000,"2025-05-19 14:59:17","2025-05-19 14:59:17",NULL,N
1308,"2023-10-25",KRW,미니금 99.99_100g,85410,0.1000,854.1000,27459.9322,85410.0000,"2025-05-19 14:59:17","2025-05-19 14:59:17",NULL,N
1309,"2023-10-26",KRW,금 99.99_1Kg,86640,1.0000,86.6400,2785.5386,86640.0000,"2025-05-19 14:59:17","2025-05-19 14:59:17",NULL,N
1310,"2023-10-26",KRW,미니금 99.99_100g,86510,0.1000,865.1000,27813.5901,86510.0000,"2025-05-19 14:59:17","2025-05-19 14:59:17",NULL,N
1311,"2023-10-27",KRW,금 99.99_1Kg,86360,1.0000,86.3600,2776.5364,86360.0000,"2025-05-19 14:59:17","2025-05-19 14:59:17",NULL,N
1312,"2023-10-27",KRW,미니금 99.99_100g,86270,0.1000,862.7000,27736.4284,86270.0000,"2025-05-19 14:59:17","2025-05-19 14:59:17",NULL,N
1313,"2023-10-30",KRW,금 99.99_1Kg,86820,1.0000,86.8200,2791.3257,86820.0000,"2025-05-19 14:59:17","2025-05-19 14:59:17",NULL,N
1314,"2023-10-30",KRW,미니금 99.99_100g,86770,0.1000,867.7000,27897.1820,86770.0000,"2025-05-19 14:59:17","2025-05-19 14:59:17",NULL,N
1315,"2023-10-31",KRW,금 99.99_1Kg,86410,1.0000,86.4100,2778.1439,86410.0000,"2025-05-19 14:59:17","2025-05-19 14:59:17",NULL,N
1316,"2023-10-31",KRW,미니금 99.99_100g,86380,0.1000,863.8000,27771.7942,86380.0000,"2025-05-19 14:59:17","2025-05-19 14:59:17",NULL,N
1317,"2023-11-01",KRW,금 99.99_1Kg,86250,1.0000,86.2500,2772.9998,86250.0000,"2025-05-19 14:59:17","2025-05-19 14:59:17",NULL,N
1318,"2023-11-01",KRW,미니금 99.99_100g,86160,0.1000,861.6000,27701.0626,86160.0000,"2025-05-19 14:59:17","2025-05-19 14:59:17",NULL,N
1319,"2023-11-02",KRW,금 99.99_1Kg,85500,1.0000,85.5000,2748.8868,85500.0000,"2025-05-19 14:59:17","2025-05-19 14:59:17",NULL,N
1320,"2023-11-02",KRW,미니금 99.99_100g,85470,0.1000,854.7000,27479.2226,85470.0000,"2025-05-19 14:59:17","2025-05-19 14:59:17",NULL,N
1321,"2023-11-03",KRW,금 99.99_1Kg,84350,1.0000,84.3500,2711.9135,84350.0000,"2025-05-19 14:59:17","2025-05-19 14:59:17",NULL,N
1322,"2023-11-03",KRW,미니금 99.99_100g,84390,0.1000,843.9000,27131.9948,84390.0000,"2025-05-19 14:59:17","2025-05-19 14:59:17",NULL,N
1323,"2023-11-06",KRW,금 99.99_1Kg,83050,1.0000,83.0500,2670.1175,83050.0000,"2025-05-19 14:59:17","2025-05-19 14:59:17",NULL,N
1324,"2023-11-06",KRW,미니금 99.99_100g,83000,0.1000,830.0000,26685.0997,83000.0000,"2025-05-19 14:59:17","2025-05-19 14:59:17",NULL,N
1325,"2023-11-07",KRW,금 99.99_1Kg,83250,1.0000,83.2500,2676.5477,83250.0000,"2025-05-19 14:59:17","2025-05-19 14:59:17",NULL,N
1326,"2023-11-07",KRW,미니금 99.99_100g,83050,0.1000,830.5000,26701.1751,83050.0000,"2025-05-19 14:59:17","2025-05-19 14:59:17",NULL,N
1327,"2023-11-08",KRW,금 99.99_1Kg,83240,1.0000,83.2400,2676.2261,83240.0000,"2025-05-19 14:59:17","2025-05-19 14:59:17",NULL,N
1328,"2023-11-08",KRW,미니금 99.99_100g,82700,0.1000,827.0000,26588.6476,82700.0000,"2025-05-19 14:59:17","2025-05-19 14:59:17",NULL,N
1329,"2023-11-09",KRW,금 99.99_1Kg,82320,1.0000,82.3200,2646.6475,82320.0000,"2025-05-19 14:59:17","2025-05-19 14:59:17",NULL,N
1330,"2023-11-09",KRW,미니금 99.99_100g,82200,0.1000,822.0000,26427.8940,82200.0000,"2025-05-19 14:59:17","2025-05-19 14:59:17",NULL,N
1331,"2023-11-10",KRW,금 99.99_1Kg,82920,1.0000,82.9200,2665.9379,82920.0000,"2025-05-19 14:59:17","2025-05-19 14:59:17",NULL,N
1332,"2023-11-10",KRW,미니금 99.99_100g,82680,0.1000,826.8000,26582.2174,82680.0000,"2025-05-19 14:59:17","2025-05-19 14:59:17",NULL,N
1333,"2023-11-13",KRW,금 99.99_1Kg,83020,1.0000,83.0200,2669.1530,83020.0000,"2025-05-19 14:59:17","2025-05-19 14:59:17",NULL,N
1334,"2023-11-13",KRW,미니금 99.99_100g,82500,0.1000,825.0000,26524.3461,82500.0000,"2025-05-19 14:59:17","2025-05-19 14:59:17",NULL,N
1335,"2023-11-14",KRW,금 99.99_1Kg,83480,1.0000,83.4800,2683.9423,83480.0000,"2025-05-19 14:59:17","2025-05-19 14:59:17",NULL,N
1336,"2023-11-14",KRW,미니금 99.99_100g,83180,0.1000,831.8000,26742.9710,83180.0000,"2025-05-19 14:59:17","2025-05-19 14:59:17",NULL,N
1337,"2023-11-15",KRW,금 99.99_1Kg,82660,1.0000,82.6600,2657.5787,82660.0000,"2025-05-19 14:59:17","2025-05-19 14:59:17",NULL,N
1338,"2023-11-15",KRW,미니금 99.99_100g,82350,0.1000,823.5000,26476.1201,82350.0000,"2025-05-19 14:59:17","2025-05-19 14:59:17",NULL,N
1339,"2023-11-16",KRW,금 99.99_1Kg,82400,1.0000,82.4000,2649.2195,82400.0000,"2025-05-19 14:59:17","2025-05-19 14:59:17",NULL,N
1340,"2023-11-16",KRW,미니금 99.99_100g,82190,0.1000,821.9000,26424.6789,82190.0000,"2025-05-19 14:59:17","2025-05-19 14:59:17",NULL,N
1341,"2023-11-17",KRW,금 99.99_1Kg,83000,1.0000,83.0000,2668.5100,83000.0000,"2025-05-19 14:59:17","2025-05-19 14:59:17",NULL,N
1342,"2023-11-17",KRW,미니금 99.99_100g,82690,0.1000,826.9000,26585.4325,82690.0000,"2025-05-19 14:59:17","2025-05-19 14:59:17",NULL,N
1343,"2023-11-20",KRW,금 99.99_1Kg,82670,1.0000,82.6700,2657.9002,82670.0000,"2025-05-19 14:59:17","2025-05-19 14:59:17",NULL,N
1344,"2023-11-20",KRW,미니금 99.99_100g,82290,0.1000,822.9000,26456.8296,82290.0000,"2025-05-19 14:59:17","2025-05-19 14:59:17",NULL,N
1345,"2023-11-21",KRW,금 99.99_1Kg,82990,1.0000,82.9900,2668.1885,82990.0000,"2025-05-19 14:59:17","2025-05-19 14:59:17",NULL,N
1346,"2023-11-21",KRW,미니금 99.99_100g,82580,0.1000,825.8000,26550.0667,82580.0000,"2025-05-19 14:59:17","2025-05-19 14:59:17",NULL,N
1347,"2023-11-22",KRW,금 99.99_1Kg,83700,1.0000,83.7000,2691.0155,83700.0000,"2025-05-19 14:59:17","2025-05-19 14:59:17",NULL,N
1348,"2023-11-22",KRW,미니금 99.99_100g,83500,0.1000,835.0000,26845.8534,83500.0000,"2025-05-19 14:59:17","2025-05-19 14:59:17",NULL,N
1349,"2023-11-23",KRW,금 99.99_1Kg,83570,1.0000,83.5700,2686.8359,83570.0000,"2025-05-19 14:59:17","2025-05-19 14:59:17",NULL,N
1350,"2023-11-23",KRW,미니금 99.99_100g,83300,0.1000,833.0000,26781.5519,83300.0000,"2025-05-19 14:59:17","2025-05-19 14:59:17",NULL,N
1351,"2023-11-24",KRW,금 99.99_1Kg,83990,1.0000,83.9900,2700.3392,83990.0000,"2025-05-19 14:59:17","2025-05-19 14:59:17",NULL,N
1352,"2023-11-24",KRW,미니금 99.99_100g,83520,0.1000,835.2000,26852.2835,83520.0000,"2025-05-19 14:59:17","2025-05-19 14:59:17",NULL,N
1353,"2023-11-27",KRW,금 99.99_1Kg,84610,1.0000,84.6100,2720.2726,84610.0000,"2025-05-19 14:59:17","2025-05-19 14:59:17",NULL,N
1354,"2023-11-27",KRW,미니금 99.99_100g,84390,0.1000,843.9000,27131.9948,84390.0000,"2025-05-19 14:59:17","2025-05-19 14:59:17",NULL,N
1355,"2023-11-28",KRW,금 99.99_1Kg,84010,1.0000,84.0100,2700.9822,84010.0000,"2025-05-19 14:59:17","2025-05-19 14:59:17",NULL,N
1356,"2023-11-28",KRW,미니금 99.99_100g,84120,0.1000,841.2000,27045.1878,84120.0000,"2025-05-19 14:59:17","2025-05-19 14:59:17",NULL,N
1357,"2023-11-29",KRW,금 99.99_1Kg,84990,1.0000,84.9900,2732.4899,84990.0000,"2025-05-19 14:59:17","2025-05-19 14:59:17",NULL,N
1358,"2023-11-29",KRW,미니금 99.99_100g,85060,0.1000,850.6000,27347.4046,85060.0000,"2025-05-19 14:59:17","2025-05-19 14:59:17",NULL,N
1359,"2023-11-30",KRW,금 99.99_1Kg,84810,1.0000,84.8100,2726.7028,84810.0000,"2025-05-19 14:59:17","2025-05-19 14:59:17",NULL,N
1360,"2023-11-30",KRW,미니금 99.99_100g,84890,0.1000,848.9000,27292.7484,84890.0000,"2025-05-19 14:59:17","2025-05-19 14:59:17",NULL,N
1361,"2023-12-01",KRW,금 99.99_1Kg,85720,1.0000,85.7200,2755.9599,85720.0000,"2025-05-19 14:59:17","2025-05-19 14:59:17",NULL,N
1362,"2023-12-01",KRW,미니금 99.99_100g,85610,0.1000,856.1000,27524.2336,85610.0000,"2025-05-19 14:59:17","2025-05-19 14:59:17",NULL,N
1363,"2023-12-04",KRW,금 99.99_1Kg,87300,1.0000,87.3000,2806.7581,87300.0000,"2025-05-19 14:59:17","2025-05-19 14:59:17",NULL,N
1364,"2023-12-04",KRW,미니금 99.99_100g,87320,0.1000,873.2000,28074.0110,87320.0000,"2025-05-19 14:59:17","2025-05-19 14:59:17",NULL,N
1365,"2023-12-05",KRW,금 99.99_1Kg,85940,1.0000,85.9400,2763.0331,85940.0000,"2025-05-19 14:59:17","2025-05-19 14:59:17",NULL,N
1366,"2023-12-05",KRW,미니금 99.99_100g,85790,0.1000,857.9000,27582.1049,85790.0000,"2025-05-19 14:59:17","2025-05-19 14:59:17",NULL,N
1367,"2023-12-06",KRW,금 99.99_1Kg,85490,1.0000,85.4900,2748.5653,85490.0000,"2025-05-19 14:59:17","2025-05-19 14:59:17",NULL,N
1368,"2023-12-06",KRW,미니금 99.99_100g,85310,0.1000,853.1000,27427.7814,85310.0000,"2025-05-19 14:59:17","2025-05-19 14:59:17",NULL,N
1369,"2023-12-07",KRW,금 99.99_1Kg,86470,1.0000,86.4700,2780.0730,86470.0000,"2025-05-19 14:59:17","2025-05-19 14:59:17",NULL,N
1370,"2023-12-07",KRW,미니금 99.99_100g,86240,0.1000,862.4000,27726.7832,86240.0000,"2025-05-19 14:59:17","2025-05-19 14:59:17",NULL,N
1371,"2023-12-08",KRW,금 99.99_1Kg,85490,1.0000,85.4900,2748.5653,85490.0000,"2025-05-19 14:59:17","2025-05-19 14:59:17",NULL,N
1372,"2023-12-08",KRW,미니금 99.99_100g,85330,0.1000,853.3000,27434.2116,85330.0000,"2025-05-19 14:59:17","2025-05-19 14:59:17",NULL,N
1373,"2023-12-11",KRW,금 99.99_1Kg,84750,1.0000,84.7500,2724.7737,84750.0000,"2025-05-19 14:59:17","2025-05-19 14:59:17",NULL,N
1374,"2023-12-11",KRW,미니금 99.99_100g,84580,0.1000,845.8000,27193.0812,84580.0000,"2025-05-19 14:59:17","2025-05-19 14:59:17",NULL,N
1375,"2023-12-12",KRW,금 99.99_1Kg,84450,1.0000,84.4500,2715.1285,84450.0000,"2025-05-19 14:59:17","2025-05-19 14:59:17",NULL,N
1376,"2023-12-12",KRW,미니금 99.99_100g,84120,0.1000,841.2000,27045.1878,84120.0000,"2025-05-19 14:59:17","2025-05-19 14:59:17",NULL,N
1377,"2023-12-13",KRW,금 99.99_1Kg,83980,1.0000,83.9800,2700.0177,83980.0000,"2025-05-19 14:59:17","2025-05-19 14:59:17",NULL,N
1378,"2023-12-13",KRW,미니금 99.99_100g,83770,0.1000,837.7000,26932.6603,83770.0000,"2025-05-19 14:59:17","2025-05-19 14:59:17",NULL,N
1379,"2023-12-14",KRW,금 99.99_1Kg,84880,1.0000,84.8800,2728.9533,84880.0000,"2025-05-19 14:59:17","2025-05-19 14:59:17",NULL,N
1380,"2023-12-14",KRW,미니금 99.99_100g,84710,0.1000,847.1000,27234.8771,84710.0000,"2025-05-19 14:59:17","2025-05-19 14:59:17",NULL,N
1381,"2023-12-15",KRW,금 99.99_1Kg,85000,1.0000,85.0000,2732.8114,85000.0000,"2025-05-19 14:59:17","2025-05-19 14:59:17",NULL,N
1382,"2023-12-15",KRW,미니금 99.99_100g,84710,0.1000,847.1000,27234.8771,84710.0000,"2025-05-19 14:59:17","2025-05-19 14:59:17",NULL,N
1383,"2023-12-18",KRW,금 99.99_1Kg,84790,1.0000,84.7900,2726.0598,84790.0000,"2025-05-19 14:59:17","2025-05-19 14:59:17",NULL,N
1384,"2023-12-18",KRW,미니금 99.99_100g,84440,0.1000,844.4000,27148.0702,84440.0000,"2025-05-19 14:59:17","2025-05-19 14:59:17",NULL,N
1385,"2023-12-19",KRW,금 99.99_1Kg,85150,1.0000,85.1500,2737.6340,85150.0000,"2025-05-19 14:59:17","2025-05-19 14:59:17",NULL,N
1386,"2023-12-19",KRW,미니금 99.99_100g,84840,0.1000,848.4000,27276.6730,84840.0000,"2025-05-19 14:59:17","2025-05-19 14:59:17",NULL,N
1387,"2023-12-20",KRW,금 99.99_1Kg,85360,1.0000,85.3600,2744.3857,85360.0000,"2025-05-19 14:59:17","2025-05-19 14:59:17",NULL,N
1388,"2023-12-20",KRW,미니금 99.99_100g,85090,0.1000,850.9000,27357.0498,85090.0000,"2025-05-19 14:59:17","2025-05-19 14:59:17",NULL,N
1389,"2023-12-21",KRW,금 99.99_1Kg,85430,1.0000,85.4300,2746.6362,85430.0000,"2025-05-19 14:59:17","2025-05-19 14:59:17",NULL,N
1390,"2023-12-21",KRW,미니금 99.99_100g,85300,0.1000,853.0000,27424.5664,85300.0000,"2025-05-19 14:59:17","2025-05-19 14:59:17",NULL,N
1391,"2023-12-22",KRW,금 99.99_1Kg,85780,1.0000,85.7800,2757.8890,85780.0000,"2025-05-19 14:59:17","2025-05-19 14:59:17",NULL,N
1392,"2023-12-22",KRW,미니금 99.99_100g,85630,0.1000,856.3000,27530.6638,85630.0000,"2025-05-19 14:59:17","2025-05-19 14:59:17",NULL,N
1393,"2023-12-26",KRW,금 99.99_1Kg,85940,1.0000,85.9400,2763.0331,85940.0000,"2025-05-19 14:59:17","2025-05-19 14:59:17",NULL,N
1394,"2023-12-26",KRW,미니금 99.99_100g,85750,0.1000,857.5000,27569.2446,85750.0000,"2025-05-19 14:59:17","2025-05-19 14:59:17",NULL,N
1395,"2023-12-27",KRW,금 99.99_1Kg,86010,1.0000,86.0100,2765.2836,86010.0000,"2025-05-19 14:59:17","2025-05-19 14:59:17",NULL,N
1396,"2023-12-27",KRW,미니금 99.99_100g,85740,0.1000,857.4000,27566.0295,85740.0000,"2025-05-19 14:59:17","2025-05-19 14:59:17",NULL,N
1397,"2023-12-28",KRW,금 99.99_1Kg,86340,1.0000,86.3400,2775.8934,86340.0000,"2025-05-19 14:59:17","2025-05-19 14:59:17",NULL,N
1398,"2023-12-28",KRW,미니금 99.99_100g,86250,0.1000,862.5000,27729.9982,86250.0000,"2025-05-19 14:59:17","2025-05-19 14:59:17",NULL,N
1399,"2024-01-02",KRW,금 99.99_1Kg,86940,1.0000,86.9400,2795.1838,86940.0000,"2025-05-19 14:59:17","2025-05-19 14:59:17",NULL,N
1400,"2024-01-02",KRW,미니금 99.99_100g,86600,0.1000,866.0000,27842.5258,86600.0000,"2025-05-19 14:59:17","2025-05-19 14:59:17",NULL,N
1401,"2024-01-03",KRW,금 99.99_1Kg,86820,1.0000,86.8200,2791.3257,86820.0000,"2025-05-19 14:59:17","2025-05-19 14:59:17",NULL,N
1402,"2024-01-03",KRW,미니금 99.99_100g,86630,0.1000,866.3000,27852.1710,86630.0000,"2025-05-19 14:59:17","2025-05-19 14:59:17",NULL,N
1403,"2024-01-04",KRW,금 99.99_1Kg,86300,1.0000,86.3000,2774.6074,86300.0000,"2025-05-19 14:59:17","2025-05-19 14:59:17",NULL,N
1404,"2024-01-04",KRW,미니금 99.99_100g,86030,0.1000,860.3000,27659.2666,86030.0000,"2025-05-19 14:59:17","2025-05-19 14:59:17",NULL,N
1405,"2024-01-05",KRW,금 99.99_1Kg,86680,1.0000,86.6800,2786.8246,86680.0000,"2025-05-19 14:59:17","2025-05-19 14:59:17",NULL,N
1406,"2024-01-05",KRW,미니금 99.99_100g,86520,0.1000,865.2000,27816.8052,86520.0000,"2025-05-19 14:59:17","2025-05-19 14:59:17",NULL,N
1407,"2024-01-08",KRW,금 99.99_1Kg,86240,1.0000,86.2400,2772.6783,86240.0000,"2025-05-19 14:59:17","2025-05-19 14:59:17",NULL,N
1408,"2024-01-08",KRW,미니금 99.99_100g,86070,0.1000,860.7000,27672.1269,86070.0000,"2025-05-19 14:59:17","2025-05-19 14:59:17",NULL,N
1409,"2024-01-09",KRW,금 99.99_1Kg,86250,1.0000,86.2500,2772.9998,86250.0000,"2025-05-19 14:59:17","2025-05-19 14:59:17",NULL,N
1410,"2024-01-09",KRW,미니금 99.99_100g,86040,0.1000,860.4000,27662.4817,86040.0000,"2025-05-19 14:59:17","2025-05-19 14:59:17",NULL,N
1411,"2024-01-10",KRW,금 99.99_1Kg,86290,1.0000,86.2900,2774.2859,86290.0000,"2025-05-19 14:59:17","2025-05-19 14:59:17",NULL,N
1412,"2024-01-10",KRW,미니금 99.99_100g,86160,0.1000,861.6000,27701.0626,86160.0000,"2025-05-19 14:59:17","2025-05-19 14:59:17",NULL,N
1413,"2024-01-11",KRW,금 99.99_1Kg,86250,1.0000,86.2500,2772.9998,86250.0000,"2025-05-19 14:59:17","2025-05-19 14:59:17",NULL,N
1414,"2024-01-11",KRW,미니금 99.99_100g,86050,0.1000,860.5000,27665.6968,86050.0000,"2025-05-19 14:59:17","2025-05-19 14:59:17",NULL,N
1415,"2024-01-12",KRW,금 99.99_1Kg,86150,1.0000,86.1500,2769.7848,86150.0000,"2025-05-19 14:59:17","2025-05-19 14:59:17",NULL,N
1416,"2024-01-12",KRW,미니금 99.99_100g,85960,0.1000,859.6000,27636.7611,85960.0000,"2025-05-19 14:59:17","2025-05-19 14:59:17",NULL,N
1417,"2024-01-15",KRW,금 99.99_1Kg,87400,1.0000,87.4000,2809.9732,87400.0000,"2025-05-19 14:59:17","2025-05-19 14:59:17",NULL,N
1418,"2024-01-15",KRW,미니금 99.99_100g,87360,0.1000,873.6000,28086.8713,87360.0000,"2025-05-19 14:59:17","2025-05-19 14:59:17",NULL,N
1419,"2024-01-16",KRW,금 99.99_1Kg,87730,1.0000,87.7300,2820.5829,87730.0000,"2025-05-19 14:59:17","2025-05-19 14:59:17",NULL,N
1420,"2024-01-16",KRW,미니금 99.99_100g,87700,0.1000,877.0000,28196.1837,87700.0000,"2025-05-19 14:59:17","2025-05-19 14:59:17",NULL,N
1421,"2024-01-17",KRW,금 99.99_1Kg,87420,1.0000,87.4200,2810.6162,87420.0000,"2025-05-19 14:59:17","2025-05-19 14:59:17",NULL,N
1422,"2024-01-17",KRW,미니금 99.99_100g,87270,0.1000,872.7000,28057.9356,87270.0000,"2025-05-19 14:59:17","2025-05-19 14:59:17",NULL,N
1423,"2024-01-18",KRW,금 99.99_1Kg,86940,1.0000,86.9400,2795.1838,86940.0000,"2025-05-19 14:59:17","2025-05-19 14:59:17",NULL,N
1424,"2024-01-18",KRW,미니금 99.99_100g,86850,0.1000,868.5000,27922.9026,86850.0000,"2025-05-19 14:59:17","2025-05-19 14:59:17",NULL,N
1425,"2024-01-19",KRW,금 99.99_1Kg,87130,1.0000,87.1300,2801.2925,87130.0000,"2025-05-19 14:59:17","2025-05-19 14:59:17",NULL,N
1426,"2024-01-19",KRW,미니금 99.99_100g,87230,0.1000,872.3000,28045.0753,87230.0000,"2025-05-19 14:59:17","2025-05-19 14:59:17",NULL,N
1427,"2024-01-22",KRW,금 99.99_1Kg,87260,1.0000,87.2600,2805.4721,87260.0000,"2025-05-19 14:59:17","2025-05-19 14:59:17",NULL,N
1428,"2024-01-22",KRW,미니금 99.99_100g,87230,0.1000,872.3000,28045.0753,87230.0000,"2025-05-19 14:59:17","2025-05-19 14:59:17",NULL,N
1429,"2024-01-23",KRW,금 99.99_1Kg,87260,1.0000,87.2600,2805.4721,87260.0000,"2025-05-19 14:59:17","2025-05-19 14:59:17",NULL,N
1430,"2024-01-23",KRW,미니금 99.99_100g,87220,0.1000,872.2000,28041.8602,87220.0000,"2025-05-19 14:59:17","2025-05-19 14:59:17",NULL,N
1431,"2024-01-24",KRW,금 99.99_1Kg,87410,1.0000,87.4100,2810.2947,87410.0000,"2025-05-19 14:59:17","2025-05-19 14:59:17",NULL,N
1432,"2024-01-24",KRW,미니금 99.99_100g,87280,0.1000,872.8000,28061.1507,87280.0000,"2025-05-19 14:59:17","2025-05-19 14:59:17",NULL,N
1433,"2024-01-25",KRW,금 99.99_1Kg,86800,1.0000,86.8000,2790.6827,86800.0000,"2025-05-19 14:59:17","2025-05-19 14:59:17",NULL,N
1434,"2024-01-25",KRW,미니금 99.99_100g,86840,0.1000,868.4000,27919.6875,86840.0000,"2025-05-19 14:59:17","2025-05-19 14:59:17",NULL,N
1435,"2024-01-26",KRW,금 99.99_1Kg,86950,1.0000,86.9500,2795.5053,86950.0000,"2025-05-19 14:59:17","2025-05-19 14:59:17",NULL,N
1436,"2024-01-26",KRW,미니금 99.99_100g,86950,0.1000,869.5000,27955.0533,86950.0000,"2025-05-19 14:59:17","2025-05-19 14:59:17",NULL,N
1437,"2024-01-29",KRW,금 99.99_1Kg,87170,1.0000,87.1700,2802.5785,87170.0000,"2025-05-19 14:59:17","2025-05-19 14:59:17",NULL,N
1438,"2024-01-29",KRW,미니금 99.99_100g,87160,0.1000,871.6000,28022.5698,87160.0000,"2025-05-19 14:59:17","2025-05-19 14:59:17",NULL,N
1439,"2024-01-30",KRW,금 99.99_1Kg,87190,1.0000,87.1900,2803.2215,87190.0000,"2025-05-19 14:59:17","2025-05-19 14:59:17",NULL,N
1440,"2024-01-30",KRW,미니금 99.99_100g,87090,0.1000,870.9000,28000.0643,87090.0000,"2025-05-19 14:59:17","2025-05-19 14:59:17",NULL,N
1441,"2024-01-31",KRW,금 99.99_1Kg,87420,1.0000,87.4200,2810.6162,87420.0000,"2025-05-19 14:59:17","2025-05-19 14:59:17",NULL,N
1442,"2024-01-31",KRW,미니금 99.99_100g,87440,0.1000,874.4000,28112.5918,87440.0000,"2025-05-19 14:59:17","2025-05-19 14:59:17",NULL,N
1443,"2024-02-01",KRW,금 99.99_1Kg,87650,1.0000,87.6500,2818.0108,87650.0000,"2025-05-19 14:59:17","2025-05-19 14:59:17",NULL,N
1444,"2024-02-01",KRW,미니금 99.99_100g,87590,0.1000,875.9000,28160.8179,87590.0000,"2025-05-19 14:59:17","2025-05-19 14:59:17",NULL,N
1445,"2024-02-02",KRW,금 99.99_1Kg,87590,1.0000,87.5900,2816.0818,87590.0000,"2025-05-19 14:59:17","2025-05-19 14:59:17",NULL,N
1446,"2024-02-02",KRW,미니금 99.99_100g,87540,0.1000,875.4000,28144.7426,87540.0000,"2025-05-19 14:59:17","2025-05-19 14:59:17",NULL,N
1447,"2024-02-05",KRW,금 99.99_1Kg,87050,1.0000,87.0500,2798.7204,87050.0000,"2025-05-19 14:59:17","2025-05-19 14:59:17",NULL,N
1448,"2024-02-05",KRW,미니금 99.99_100g,87020,0.1000,870.2000,27977.5588,87020.0000,"2025-05-19 14:59:17","2025-05-19 14:59:17",NULL,N
1449,"2024-02-06",KRW,금 99.99_1Kg,86800,1.0000,86.8000,2790.6827,86800.0000,"2025-05-19 14:59:17","2025-05-19 14:59:17",NULL,N
1450,"2024-02-06",KRW,미니금 99.99_100g,86800,0.1000,868.0000,27906.8272,86800.0000,"2025-05-19 14:59:17","2025-05-19 14:59:17",NULL,N
1451,"2024-02-07",KRW,금 99.99_1Kg,87040,1.0000,87.0400,2798.3989,87040.0000,"2025-05-19 14:59:17","2025-05-19 14:59:17",NULL,N
1452,"2024-02-07",KRW,미니금 99.99_100g,87090,0.1000,870.9000,28000.0643,87090.0000,"2025-05-19 14:59:17","2025-05-19 14:59:17",NULL,N
1453,"2024-02-08",KRW,금 99.99_1Kg,87060,1.0000,87.0600,2799.0419,87060.0000,"2025-05-19 14:59:17","2025-05-19 14:59:17",NULL,N
1454,"2024-02-08",KRW,미니금 99.99_100g,87190,0.1000,871.9000,28032.2150,87190.0000,"2025-05-19 14:59:17","2025-05-19 14:59:17",NULL,N
1455,"2024-02-13",KRW,금 99.99_1Kg,86680,1.0000,86.6800,2786.8246,86680.0000,"2025-05-19 14:59:17","2025-05-19 14:59:17",NULL,N
1456,"2024-02-13",KRW,미니금 99.99_100g,86760,0.1000,867.6000,27893.9669,86760.0000,"2025-05-19 14:59:17","2025-05-19 14:59:17",NULL,N
1457,"2024-02-14",KRW,금 99.99_1Kg,86030,1.0000,86.0300,2765.9267,86030.0000,"2025-05-19 14:59:17","2025-05-19 14:59:17",NULL,N
1458,"2024-02-14",KRW,미니금 99.99_100g,86100,0.1000,861.0000,27681.7721,86100.0000,"2025-05-19 14:59:17","2025-05-19 14:59:17",NULL,N
1459,"2024-02-15",KRW,금 99.99_1Kg,86000,1.0000,86.0000,2764.9621,86000.0000,"2025-05-19 14:59:17","2025-05-19 14:59:17",NULL,N
1460,"2024-02-15",KRW,미니금 99.99_100g,86120,0.1000,861.2000,27688.2023,86120.0000,"2025-05-19 14:59:17","2025-05-19 14:59:17",NULL,N
1461,"2024-02-16",KRW,금 99.99_1Kg,86250,1.0000,86.2500,2772.9998,86250.0000,"2025-05-19 14:59:17","2025-05-19 14:59:17",NULL,N
1462,"2024-02-16",KRW,미니금 99.99_100g,86510,0.1000,865.1000,27813.5901,86510.0000,"2025-05-19 14:59:17","2025-05-19 14:59:17",NULL,N
1463,"2024-02-19",KRW,금 99.99_1Kg,86910,1.0000,86.9100,2794.2193,86910.0000,"2025-05-19 14:59:17","2025-05-19 14:59:17",NULL,N
1464,"2024-02-19",KRW,미니금 99.99_100g,86910,0.1000,869.1000,27942.1930,86910.0000,"2025-05-19 14:59:17","2025-05-19 14:59:17",NULL,N
1465,"2024-02-20",KRW,금 99.99_1Kg,86900,1.0000,86.9000,2793.8978,86900.0000,"2025-05-19 14:59:17","2025-05-19 14:59:17",NULL,N
1466,"2024-02-20",KRW,미니금 99.99_100g,87070,0.1000,870.7000,27993.6342,87070.0000,"2025-05-19 14:59:17","2025-05-19 14:59:17",NULL,N
1467,"2024-02-21",KRW,금 99.99_1Kg,87210,1.0000,87.2100,2803.8645,87210.0000,"2025-05-19 14:59:17","2025-05-19 14:59:17",NULL,N
1468,"2024-02-21",KRW,미니금 99.99_100g,87300,0.1000,873.0000,28067.5808,87300.0000,"2025-05-19 14:59:17","2025-05-19 14:59:17",NULL,N
1469,"2024-02-22",KRW,금 99.99_1Kg,86880,1.0000,86.8800,2793.2548,86880.0000,"2025-05-19 14:59:17","2025-05-19 14:59:17",NULL,N
1470,"2024-02-22",KRW,미니금 99.99_100g,87150,0.1000,871.5000,28019.3547,87150.0000,"2025-05-19 14:59:17","2025-05-19 14:59:17",NULL,N
1471,"2024-02-23",KRW,금 99.99_1Kg,86600,1.0000,86.6000,2784.2526,86600.0000,"2025-05-19 14:59:17","2025-05-19 14:59:17",NULL,N
1472,"2024-02-23",KRW,미니금 99.99_100g,87000,0.1000,870.0000,27971.1287,87000.0000,"2025-05-19 14:59:17","2025-05-19 14:59:17",NULL,N
1473,"2024-02-26",KRW,금 99.99_1Kg,87080,1.0000,87.0800,2799.6849,87080.0000,"2025-05-19 14:59:17","2025-05-19 14:59:17",NULL,N
1474,"2024-02-26",KRW,미니금 99.99_100g,87190,0.1000,871.9000,28032.2150,87190.0000,"2025-05-19 14:59:17","2025-05-19 14:59:17",NULL,N
1475,"2024-02-27",KRW,금 99.99_1Kg,87100,1.0000,87.1000,2800.3279,87100.0000,"2025-05-19 14:59:17","2025-05-19 14:59:17",NULL,N
1476,"2024-02-27",KRW,미니금 99.99_100g,87350,0.1000,873.5000,28083.6562,87350.0000,"2025-05-19 14:59:17","2025-05-19 14:59:17",NULL,N
1477,"2024-02-28",KRW,금 99.99_1Kg,87260,1.0000,87.2600,2805.4721,87260.0000,"2025-05-19 14:59:17","2025-05-19 14:59:17",NULL,N
1478,"2024-02-28",KRW,미니금 99.99_100g,87620,0.1000,876.2000,28170.4631,87620.0000,"2025-05-19 14:59:17","2025-05-19 14:59:17",NULL,N
1479,"2024-02-29",KRW,금 99.99_1Kg,87330,1.0000,87.3300,2807.7226,87330.0000,"2025-05-19 14:59:17","2025-05-19 14:59:17",NULL,N
1480,"2024-02-29",KRW,미니금 99.99_100g,87470,0.1000,874.7000,28122.2370,87470.0000,"2025-05-19 14:59:17","2025-05-19 14:59:17",NULL,N
1481,"2024-03-04",KRW,금 99.99_1Kg,89040,1.0000,89.0400,2862.7003,89040.0000,"2025-05-19 14:59:17","2025-05-19 14:59:17",NULL,N
1482,"2024-03-04",KRW,미니금 99.99_100g,89010,0.1000,890.1000,28617.3582,89010.0000,"2025-05-19 14:59:17","2025-05-19 14:59:17",NULL,N
1483,"2024-03-05",KRW,금 99.99_1Kg,90810,1.0000,90.8100,2919.6071,90810.0000,"2025-05-19 14:59:17","2025-05-19 14:59:17",NULL,N
1484,"2024-03-05",KRW,미니금 99.99_100g,90730,0.1000,907.3000,29170.3506,90730.0000,"2025-05-19 14:59:17","2025-05-19 14:59:17",NULL,N
1485,"2024-03-06",KRW,금 99.99_1Kg,91250,1.0000,91.2500,2933.7534,91250.0000,"2025-05-19 14:59:17","2025-05-19 14:59:17",NULL,N
1486,"2024-03-06",KRW,미니금 99.99_100g,91230,0.1000,912.3000,29331.1042,91230.0000,"2025-05-19 14:59:17","2025-05-19 14:59:17",NULL,N
1487,"2024-03-07",KRW,금 99.99_1Kg,92330,1.0000,92.3300,2968.4762,92330.0000,"2025-05-19 14:59:17","2025-05-19 14:59:17",NULL,N
1488,"2024-03-07",KRW,미니금 99.99_100g,92110,0.1000,921.1000,29614.0306,92110.0000,"2025-05-19 14:59:17","2025-05-19 14:59:17",NULL,N
1489,"2024-03-08",KRW,금 99.99_1Kg,91740,1.0000,91.7400,2949.5073,91740.0000,"2025-05-19 14:59:17","2025-05-19 14:59:17",NULL,N
1490,"2024-03-08",KRW,미니금 99.99_100g,91600,0.1000,916.0000,29450.0619,91600.0000,"2025-05-19 14:59:17","2025-05-19 14:59:17",NULL,N
1491,"2024-03-11",KRW,금 99.99_1Kg,91970,1.0000,91.9700,2956.9020,91970.0000,"2025-05-19 14:59:17","2025-05-19 14:59:17",NULL,N
1492,"2024-03-11",KRW,미니금 99.99_100g,92000,0.1000,920.0000,29578.6648,92000.0000,"2025-05-19 14:59:17","2025-05-19 14:59:17",NULL,N
1493,"2024-03-12",KRW,금 99.99_1Kg,91790,1.0000,91.7900,2951.1148,91790.0000,"2025-05-19 14:59:17","2025-05-19 14:59:17",NULL,N
1494,"2024-03-12",KRW,미니금 99.99_100g,91740,0.1000,917.4000,29495.0729,91740.0000,"2025-05-19 14:59:17","2025-05-19 14:59:17",NULL,N
1495,"2024-03-13",KRW,금 99.99_1Kg,91440,1.0000,91.4400,2939.8621,91440.0000,"2025-05-19 14:59:17","2025-05-19 14:59:17",NULL,N
1496,"2024-03-13",KRW,미니금 99.99_100g,91370,0.1000,913.7000,29376.1152,91370.0000,"2025-05-19 14:59:17","2025-05-19 14:59:17",NULL,N
1497,"2024-03-14",KRW,금 99.99_1Kg,92200,1.0000,92.2000,2964.2966,92200.0000,"2025-05-19 14:59:17","2025-05-19 14:59:17",NULL,N
1498,"2024-03-14",KRW,미니금 99.99_100g,92200,0.1000,922.0000,29642.9662,92200.0000,"2025-05-19 14:59:17","2025-05-19 14:59:17",NULL,N
1499,"2024-03-15",KRW,금 99.99_1Kg,92790,1.0000,92.7900,2983.2655,92790.0000,"2025-05-19 14:59:17","2025-05-19 14:59:17",NULL,N
1500,"2024-03-15",KRW,미니금 99.99_100g,92770,0.1000,927.7000,29826.2253,92770.0000,"2025-05-19 14:59:17","2025-05-19 14:59:17",NULL,N
1501,"2024-03-18",KRW,금 99.99_1Kg,92350,1.0000,92.3500,2969.1192,92350.0000,"2025-05-19 14:59:17","2025-05-19 14:59:17",NULL,N
1502,"2024-03-18",KRW,미니금 99.99_100g,92270,0.1000,922.7000,29665.4717,92270.0000,"2025-05-19 14:59:17","2025-05-19 14:59:17",NULL,N
1503,"2024-03-19",KRW,금 99.99_1Kg,93120,1.0000,93.1200,2993.8753,93120.0000,"2025-05-19 14:59:17","2025-05-19 14:59:17",NULL,N
1504,"2024-03-19",KRW,미니금 99.99_100g,93170,0.1000,931.7000,29954.8282,93170.0000,"2025-05-19 14:59:17","2025-05-19 14:59:17",NULL,N
1505,"2024-03-20",KRW,금 99.99_1Kg,93190,1.0000,93.1900,2996.1258,93190.0000,"2025-05-19 14:59:17","2025-05-19 14:59:17",NULL,N
1506,"2024-03-20",KRW,미니금 99.99_100g,93050,0.1000,930.5000,29916.2474,93050.0000,"2025-05-19 14:59:17","2025-05-19 14:59:17",NULL,N
1507,"2024-03-21",KRW,금 99.99_1Kg,94070,1.0000,94.0700,3024.4185,94070.0000,"2025-05-19 14:59:17","2025-05-19 14:59:17",NULL,N
1508,"2024-03-21",KRW,미니금 99.99_100g,94040,0.1000,940.4000,30234.5395,94040.0000,"2025-05-19 14:59:17","2025-05-19 14:59:17",NULL,N
1509,"2024-03-22",KRW,금 99.99_1Kg,93780,1.0000,93.7800,3015.0948,93780.0000,"2025-05-19 14:59:17","2025-05-19 14:59:17",NULL,N
1510,"2024-03-22",KRW,미니금 99.99_100g,93960,0.1000,939.6000,30208.8189,93960.0000,"2025-05-19 14:59:17","2025-05-19 14:59:17",NULL,N
1511,"2024-03-25",KRW,금 99.99_1Kg,94050,1.0000,94.0500,3023.7755,94050.0000,"2025-05-19 14:59:17","2025-05-19 14:59:17",NULL,N
1512,"2024-03-25",KRW,미니금 99.99_100g,94200,0.1000,942.0000,30285.9807,94200.0000,"2025-05-19 14:59:17","2025-05-19 14:59:17",NULL,N
1513,"2024-03-26",KRW,금 99.99_1Kg,94310,1.0000,94.3100,3032.1346,94310.0000,"2025-05-19 14:59:17","2025-05-19 14:59:17",NULL,N
1514,"2024-03-26",KRW,미니금 99.99_100g,94330,0.1000,943.3000,30327.7766,94330.0000,"2025-05-19 14:59:17","2025-05-19 14:59:17",NULL,N
1515,"2024-03-27",KRW,금 99.99_1Kg,94990,1.0000,94.9900,3053.9971,94990.0000,"2025-05-19 14:59:17","2025-05-19 14:59:17",NULL,N
1516,"2024-03-27",KRW,미니금 99.99_100g,94860,0.1000,948.6000,30498.1754,94860.0000,"2025-05-19 14:59:17","2025-05-19 14:59:17",NULL,N
1517,"2024-03-28",KRW,금 99.99_1Kg,95800,1.0000,95.8000,3080.0392,95800.0000,"2025-05-19 14:59:17","2025-05-19 14:59:17",NULL,N
1518,"2024-03-28",KRW,미니금 99.99_100g,95600,0.1000,956.0000,30736.0908,95600.0000,"2025-05-19 14:59:17","2025-05-19 14:59:17",NULL,N
1519,"2024-03-29",KRW,금 99.99_1Kg,98470,1.0000,98.4700,3165.8817,98470.0000,"2025-05-19 14:59:17","2025-05-19 14:59:17",NULL,N
1520,"2024-03-29",KRW,미니금 99.99_100g,98500,0.1000,985.0000,31668.4617,98500.0000,"2025-05-19 14:59:17","2025-05-19 14:59:17",NULL,N
1521,"2024-04-01",KRW,금 99.99_1Kg,99840,1.0000,99.8400,3209.9281,99840.0000,"2025-05-19 14:59:17","2025-05-19 14:59:17",NULL,N
1522,"2024-04-01",KRW,미니금 99.99_100g,99460,0.1000,994.6000,31977.1087,99460.0000,"2025-05-19 14:59:17","2025-05-19 14:59:17",NULL,N
1523,"2024-04-02",KRW,금 99.99_1Kg,101380,1.0000,101.3800,3259.4403,101380.0000,"2025-05-19 14:59:17","2025-05-19 14:59:17",NULL,N
1524,"2024-04-02",KRW,미니금 99.99_100g,101430,0.1000,1014.3000,32610.4779,101430.0000,"2025-05-19 14:59:17","2025-05-19 14:59:17",NULL,N
1525,"2024-04-03",KRW,금 99.99_1Kg,104990,1.0000,104.9900,3375.5044,104990.0000,"2025-05-19 14:59:17","2025-05-19 14:59:17",NULL,N
1526,"2024-04-03",KRW,미니금 99.99_100g,104200,0.1000,1042.0000,33501.0529,104200.0000,"2025-05-19 14:59:17","2025-05-19 14:59:17",NULL,N
1527,"2024-04-04",KRW,금 99.99_1Kg,100900,1.0000,100.9000,3244.0079,100900.0000,"2025-05-19 14:59:17","2025-05-19 14:59:17",NULL,N
1528,"2024-04-04",KRW,미니금 99.99_100g,102000,0.1000,1020.0000,32793.7370,102000.0000,"2025-05-19 14:59:17","2025-05-19 14:59:17",NULL,N
1529,"2024-04-05",KRW,금 99.99_1Kg,99910,1.0000,99.9100,3212.1787,99910.0000,"2025-05-19 14:59:17","2025-05-19 14:59:17",NULL,N
1530,"2024-04-05",KRW,미니금 99.99_100g,100100,0.1000,1001.0000,32182.8733,100100.0000,"2025-05-19 14:59:17","2025-05-19 14:59:17",NULL,N
1531,"2024-04-08",KRW,금 99.99_1Kg,102670,1.0000,102.6700,3300.9147,102670.0000,"2025-05-19 14:59:17","2025-05-19 14:59:17",NULL,N
1532,"2024-04-08",KRW,미니금 99.99_100g,102790,0.1000,1027.9000,33047.7277,102790.0000,"2025-05-19 14:59:17","2025-05-19 14:59:17",NULL,N
1533,"2024-04-09",KRW,금 99.99_1Kg,103490,1.0000,103.4900,3327.2783,103490.0000,"2025-05-19 14:59:17","2025-05-19 14:59:17",NULL,N
1534,"2024-04-09",KRW,미니금 99.99_100g,103500,0.1000,1035.0000,33275.9979,103500.0000,"2025-05-19 14:59:17","2025-05-19 14:59:17",NULL,N
1535,"2024-04-11",KRW,금 99.99_1Kg,103440,1.0000,103.4400,3325.6707,103440.0000,"2025-05-19 14:59:17","2025-05-19 14:59:17",NULL,N
1536,"2024-04-11",KRW,미니금 99.99_100g,104180,0.1000,1041.8000,33494.6228,104180.0000,"2025-05-19 14:59:17","2025-05-19 14:59:17",NULL,N
1537,"2024-04-12",KRW,금 99.99_1Kg,106380,1.0000,106.3800,3420.1939,106380.0000,"2025-05-19 14:59:17","2025-05-19 14:59:17",NULL,N
1538,"2024-04-12",KRW,미니금 99.99_100g,106880,0.1000,1068.8000,34362.6923,106880.0000,"2025-05-19 14:59:17","2025-05-19 14:59:17",NULL,N
1539,"2024-04-15",KRW,금 99.99_1Kg,107300,1.0000,107.3000,3449.7725,107300.0000,"2025-05-19 14:59:17","2025-05-19 14:59:17",NULL,N
1540,"2024-04-15",KRW,미니금 99.99_100g,109220,0.1000,1092.2000,35115.0192,109220.0000,"2025-05-19 14:59:17","2025-05-19 14:59:17",NULL,N
1541,"2024-04-16",KRW,금 99.99_1Kg,110700,1.0000,110.7000,3559.0850,110700.0000,"2025-05-19 14:59:17","2025-05-19 14:59:17",NULL,N
1542,"2024-04-16",KRW,미니금 99.99_100g,112750,0.1000,1127.5000,36249.9397,112750.0000,"2025-05-19 14:59:17","2025-05-19 14:59:17",NULL,N
1543,"2024-04-17",KRW,금 99.99_1Kg,109240,1.0000,109.2400,3512.1449,109240.0000,"2025-05-19 14:59:17","2025-05-19 14:59:17",NULL,N
1544,"2024-04-17",KRW,미니금 99.99_100g,111980,0.1000,1119.8000,36002.3792,111980.0000,"2025-05-19 14:59:17","2025-05-19 14:59:17",NULL,N
1545,"2024-04-18",KRW,금 99.99_1Kg,107490,1.0000,107.4900,3455.8812,107490.0000,"2025-05-19 14:59:17","2025-05-19 14:59:17",NULL,N
1546,"2024-04-18",KRW,미니금 99.99_100g,108680,0.1000,1086.8000,34941.4053,108680.0000,"2025-05-19 14:59:17","2025-05-19 14:59:17",NULL,N
1547,"2024-04-19",KRW,금 99.99_1Kg,108580,1.0000,108.5800,3490.9255,108580.0000,"2025-05-19 14:59:17","2025-05-19 14:59:17",NULL,N
1548,"2024-04-19",KRW,미니금 99.99_100g,111740,0.1000,1117.4000,35925.2174,111740.0000,"2025-05-19 14:59:17","2025-05-19 14:59:17",NULL,N
1549,"2024-04-22",KRW,금 99.99_1Kg,107000,1.0000,107.0000,3440.1273,107000.0000,"2025-05-19 14:59:17","2025-05-19 14:59:17",NULL,N
1550,"2024-04-22",KRW,미니금 99.99_100g,110170,0.1000,1101.7000,35420.4511,110170.0000,"2025-05-19 14:59:17","2025-05-19 14:59:17",NULL,N
1551,"2024-04-23",KRW,금 99.99_1Kg,103330,1.0000,103.3300,3322.1342,103330.0000,"2025-05-19 14:59:17","2025-05-19 14:59:17",NULL,N
1552,"2024-04-23",KRW,미니금 99.99_100g,106700,0.1000,1067.0000,34304.8210,106700.0000,"2025-05-19 14:59:17","2025-05-19 14:59:17",NULL,N
1553,"2024-04-24",KRW,금 99.99_1Kg,103620,1.0000,103.6200,3331.4579,103620.0000,"2025-05-19 14:59:17","2025-05-19 14:59:17",NULL,N
1554,"2024-04-24",KRW,미니금 99.99_100g,107700,0.1000,1077.0000,34626.3282,107700.0000,"2025-05-19 14:59:17","2025-05-19 14:59:17",NULL,N
1555,"2024-04-25",KRW,금 99.99_1Kg,103700,1.0000,103.7000,3334.0299,103700.0000,"2025-05-19 14:59:17","2025-05-19 14:59:17",NULL,N
1556,"2024-04-25",KRW,미니금 99.99_100g,108390,0.1000,1083.9000,34848.1682,108390.0000,"2025-05-19 14:59:17","2025-05-19 14:59:17",NULL,N
1557,"2024-04-26",KRW,금 99.99_1Kg,105030,1.0000,105.0300,3376.7904,105030.0000,"2025-05-19 14:59:17","2025-05-19 14:59:17",NULL,N
1558,"2024-04-26",KRW,미니금 99.99_100g,109050,0.1000,1090.5000,35060.3630,109050.0000,"2025-05-19 14:59:17","2025-05-19 14:59:17",NULL,N
1559,"2024-04-29",KRW,금 99.99_1Kg,104910,1.0000,104.9100,3372.9323,104910.0000,"2025-05-19 14:59:17","2025-05-19 14:59:17",NULL,N
1560,"2024-04-29",KRW,미니금 99.99_100g,109880,0.1000,1098.8000,35327.2140,109880.0000,"2025-05-19 14:59:17","2025-05-19 14:59:17",NULL,N
1561,"2024-04-30",KRW,금 99.99_1Kg,104250,1.0000,104.2500,3351.7128,104250.0000,"2025-05-19 14:59:17","2025-05-19 14:59:17",NULL,N
1562,"2024-04-30",KRW,미니금 99.99_100g,108240,0.1000,1082.4000,34799.9421,108240.0000,"2025-05-19 14:59:17","2025-05-19 14:59:17",NULL,N
1563,"2024-05-02",KRW,금 99.99_1Kg,103880,1.0000,103.8800,3339.8171,103880.0000,"2025-05-19 14:59:17","2025-05-19 14:59:17",NULL,N
1564,"2024-05-02",KRW,미니금 99.99_100g,107300,0.1000,1073.0000,34497.7253,107300.0000,"2025-05-19 14:59:17","2025-05-19 14:59:17",NULL,N
1565,"2024-05-03",KRW,금 99.99_1Kg,101800,1.0000,101.8000,3272.9436,101800.0000,"2025-05-19 14:59:17","2025-05-19 14:59:17",NULL,N
1566,"2024-05-03",KRW,미니금 99.99_100g,104170,0.1000,1041.7000,33491.4077,104170.0000,"2025-05-19 14:59:17","2025-05-19 14:59:17",NULL,N
1567,"2024-05-07",KRW,금 99.99_1Kg,102110,1.0000,102.1100,3282.9103,102110.0000,"2025-05-19 14:59:17","2025-05-19 14:59:17",NULL,N
1568,"2024-05-07",KRW,미니금 99.99_100g,105210,0.1000,1052.1000,33825.7752,105210.0000,"2025-05-19 14:59:17","2025-05-19 14:59:17",NULL,N
1569,"2024-05-08",KRW,금 99.99_1Kg,102390,1.0000,102.3900,3291.9125,102390.0000,"2025-05-19 14:59:17","2025-05-19 14:59:17",NULL,N
1570,"2024-05-08",KRW,미니금 99.99_100g,105300,0.1000,1053.0000,33854.7109,105300.0000,"2025-05-19 14:59:17","2025-05-19 14:59:17",NULL,N
1571,"2024-05-09",KRW,금 99.99_1Kg,102380,1.0000,102.3800,3291.5910,102380.0000,"2025-05-19 14:59:17","2025-05-19 14:59:17",NULL,N
1572,"2024-05-09",KRW,미니금 99.99_100g,105620,0.1000,1056.2000,33957.5932,105620.0000,"2025-05-19 14:59:17","2025-05-19 14:59:17",NULL,N
1573,"2024-05-10",KRW,금 99.99_1Kg,104200,1.0000,104.2000,3350.1053,104200.0000,"2025-05-19 14:59:17","2025-05-19 14:59:17",NULL,N
1574,"2024-05-10",KRW,미니금 99.99_100g,106590,0.1000,1065.9000,34269.4552,106590.0000,"2025-05-19 14:59:17","2025-05-19 14:59:17",NULL,N
1575,"2024-05-13",KRW,금 99.99_1Kg,104130,1.0000,104.1300,3347.8547,104130.0000,"2025-05-19 14:59:17","2025-05-19 14:59:17",NULL,N
1576,"2024-05-13",KRW,미니금 99.99_100g,106780,0.1000,1067.8000,34330.5416,106780.0000,"2025-05-19 14:59:17","2025-05-19 14:59:17",NULL,N
1577,"2024-05-14",KRW,금 99.99_1Kg,103650,1.0000,103.6500,3332.4224,103650.0000,"2025-05-19 14:59:17","2025-05-19 14:59:17",NULL,N
1578,"2024-05-14",KRW,미니금 99.99_100g,106410,0.1000,1064.1000,34211.5839,106410.0000,"2025-05-19 14:59:17","2025-05-19 14:59:17",NULL,N
1579,"2024-05-16",KRW,금 99.99_1Kg,103970,1.0000,103.9700,3342.7106,103970.0000,"2025-05-19 14:59:17","2025-05-19 14:59:17",NULL,N
1580,"2024-05-16",KRW,미니금 99.99_100g,107250,0.1000,1072.5000,34481.6500,107250.0000,"2025-05-19 14:59:17","2025-05-19 14:59:17",NULL,N
1581,"2024-05-17",KRW,금 99.99_1Kg,104320,1.0000,104.3200,3353.9634,104320.0000,"2025-05-19 14:59:17","2025-05-19 14:59:17",NULL,N
1582,"2024-05-17",KRW,미니금 99.99_100g,107640,0.1000,1076.4000,34607.0378,107640.0000,"2025-05-19 14:59:17","2025-05-19 14:59:17",NULL,N
1583,"2024-05-20",KRW,금 99.99_1Kg,106890,1.0000,106.8900,3436.5907,106890.0000,"2025-05-19 14:59:17","2025-05-19 14:59:17",NULL,N
1584,"2024-05-20",KRW,미니금 99.99_100g,108970,0.1000,1089.7000,35034.6424,108970.0000,"2025-05-19 14:59:17","2025-05-19 14:59:17",NULL,N
1585,"2024-05-21",KRW,금 99.99_1Kg,106270,1.0000,106.2700,3416.6573,106270.0000,"2025-05-19 14:59:17","2025-05-19 14:59:17",NULL,N
1586,"2024-05-21",KRW,미니금 99.99_100g,108300,0.1000,1083.0000,34819.2326,108300.0000,"2025-05-19 14:59:17","2025-05-19 14:59:17",NULL,N
1587,"2024-05-22",KRW,금 99.99_1Kg,106150,1.0000,106.1500,3412.7992,106150.0000,"2025-05-19 14:59:17","2025-05-19 14:59:17",NULL,N
1588,"2024-05-22",KRW,미니금 99.99_100g,108100,0.1000,1081.0000,34754.9311,108100.0000,"2025-05-19 14:59:17","2025-05-19 14:59:17",NULL,N
1589,"2024-05-23",KRW,금 99.99_1Kg,104070,1.0000,104.0700,3345.9257,104070.0000,"2025-05-19 14:59:17","2025-05-19 14:59:17",NULL,N
1590,"2024-05-23",KRW,미니금 99.99_100g,106650,0.1000,1066.5000,34288.7456,106650.0000,"2025-05-19 14:59:17","2025-05-19 14:59:17",NULL,N
1591,"2024-05-24",KRW,금 99.99_1Kg,103250,1.0000,103.2500,3319.5621,103250.0000,"2025-05-19 14:59:17","2025-05-19 14:59:17",NULL,N
1592,"2024-05-24",KRW,미니금 99.99_100g,105000,0.1000,1050.0000,33758.2587,105000.0000,"2025-05-19 14:59:17","2025-05-19 14:59:17",NULL,N
1593,"2024-05-27",KRW,금 99.99_1Kg,103290,1.0000,103.2900,3320.8481,103290.0000,"2025-05-19 14:59:17","2025-05-19 14:59:17",NULL,N
1594,"2024-05-27",KRW,미니금 99.99_100g,104220,0.1000,1042.2000,33507.4831,104220.0000,"2025-05-19 14:59:17","2025-05-19 14:59:17",NULL,N
1595,"2024-05-28",KRW,금 99.99_1Kg,103040,1.0000,103.0400,3312.8105,103040.0000,"2025-05-19 14:59:17","2025-05-19 14:59:17",NULL,N
1596,"2024-05-28",KRW,미니금 99.99_100g,104600,0.1000,1046.0000,33629.6558,104600.0000,"2025-05-19 14:59:17","2025-05-19 14:59:17",NULL,N
1597,"2024-05-29",KRW,금 99.99_1Kg,103600,1.0000,103.6000,3330.8149,103600.0000,"2025-05-19 14:59:17","2025-05-19 14:59:17",NULL,N
1598,"2024-05-29",KRW,미니금 99.99_100g,104950,0.1000,1049.5000,33742.1834,104950.0000,"2025-05-19 14:59:17","2025-05-19 14:59:17",NULL,N
1599,"2024-05-30",KRW,금 99.99_1Kg,103550,1.0000,103.5500,3329.2073,103550.0000,"2025-05-19 14:59:17","2025-05-19 14:59:17",NULL,N
1600,"2024-05-30",KRW,미니금 99.99_100g,104850,0.1000,1048.5000,33710.0326,104850.0000,"2025-05-19 14:59:17","2025-05-19 14:59:17",NULL,N
1601,"2024-05-31",KRW,금 99.99_1Kg,104500,1.0000,104.5000,3359.7505,104500.0000,"2025-05-19 14:59:17","2025-05-19 14:59:17",NULL,N
1602,"2024-05-31",KRW,미니금 99.99_100g,105250,0.1000,1052.5000,33838.6355,105250.0000,"2025-05-19 14:59:17","2025-05-19 14:59:17",NULL,N
1603,"2024-06-03",KRW,금 99.99_1Kg,103090,1.0000,103.0900,3314.4180,103090.0000,"2025-05-19 14:59:17","2025-05-19 14:59:17",NULL,N
1604,"2024-06-03",KRW,미니금 99.99_100g,104500,0.1000,1045.0000,33597.5051,104500.0000,"2025-05-19 14:59:17","2025-05-19 14:59:17",NULL,N
1605,"2024-06-04",KRW,금 99.99_1Kg,104040,1.0000,104.0400,3344.9612,104040.0000,"2025-05-19 14:59:17","2025-05-19 14:59:17",NULL,N
1606,"2024-06-04",KRW,미니금 99.99_100g,104700,0.1000,1047.0000,33661.8065,104700.0000,"2025-05-19 14:59:17","2025-05-19 14:59:17",NULL,N
1607,"2024-06-05",KRW,금 99.99_1Kg,103270,1.0000,103.2700,3320.2051,103270.0000,"2025-05-19 14:59:17","2025-05-19 14:59:17",NULL,N
1608,"2024-06-05",KRW,미니금 99.99_100g,104680,0.1000,1046.8000,33655.3764,104680.0000,"2025-05-19 14:59:17","2025-05-19 14:59:17",NULL,N
1609,"2024-06-07",KRW,금 99.99_1Kg,104380,1.0000,104.3800,3355.8924,104380.0000,"2025-05-19 14:59:17","2025-05-19 14:59:17",NULL,N
1610,"2024-06-07",KRW,미니금 99.99_100g,105300,0.1000,1053.0000,33854.7109,105300.0000,"2025-05-19 14:59:17","2025-05-19 14:59:17",NULL,N
1611,"2024-06-10",KRW,금 99.99_1Kg,102270,1.0000,102.2700,3288.0544,102270.0000,"2025-05-19 14:59:17","2025-05-19 14:59:17",NULL,N
1612,"2024-06-10",KRW,미니금 99.99_100g,103970,0.1000,1039.7000,33427.1063,103970.0000,"2025-05-19 14:59:17","2025-05-19 14:59:17",NULL,N
1613,"2024-06-11",KRW,금 99.99_1Kg,102430,1.0000,102.4300,3293.1985,102430.0000,"2025-05-19 14:59:17","2025-05-19 14:59:17",NULL,N
1614,"2024-06-11",KRW,미니금 99.99_100g,104430,0.1000,1044.3000,33574.9996,104430.0000,"2025-05-19 14:59:17","2025-05-19 14:59:17",NULL,N
1615,"2024-06-12",KRW,금 99.99_1Kg,102840,1.0000,102.8400,3306.3803,102840.0000,"2025-05-19 14:59:17","2025-05-19 14:59:17",NULL,N
1616,"2024-06-12",KRW,미니금 99.99_100g,104150,0.1000,1041.5000,33484.9776,104150.0000,"2025-05-19 14:59:17","2025-05-19 14:59:17",NULL,N
1617,"2024-06-13",KRW,금 99.99_1Kg,102440,1.0000,102.4400,3293.5200,102440.0000,"2025-05-19 14:59:17","2025-05-19 14:59:17",NULL,N
1618,"2024-06-13",KRW,미니금 99.99_100g,104010,0.1000,1040.1000,33439.9666,104010.0000,"2025-05-19 14:59:17","2025-05-19 14:59:17",NULL,N
1619,"2024-06-14",KRW,금 99.99_1Kg,102610,1.0000,102.6100,3298.9856,102610.0000,"2025-05-19 14:59:17","2025-05-19 14:59:17",NULL,N
1620,"2024-06-14",KRW,미니금 99.99_100g,103020,0.1000,1030.2000,33121.6744,103020.0000,"2025-05-19 14:59:17","2025-05-19 14:59:17",NULL,N
1621,"2024-06-17",KRW,금 99.99_1Kg,103320,1.0000,103.3200,3321.8127,103320.0000,"2025-05-19 14:59:17","2025-05-19 14:59:17",NULL,N
1622,"2024-06-17",KRW,미니금 99.99_100g,103710,0.1000,1037.1000,33343.5144,103710.0000,"2025-05-19 14:59:17","2025-05-19 14:59:17",NULL,N
1623,"2024-06-18",KRW,금 99.99_1Kg,103400,1.0000,103.4000,3324.3847,103400.0000,"2025-05-19 14:59:17","2025-05-19 14:59:17",NULL,N
1624,"2024-06-18",KRW,미니금 99.99_100g,103880,0.1000,1038.8000,33398.1706,103880.0000,"2025-05-19 14:59:17","2025-05-19 14:59:17",NULL,N
1625,"2024-06-19",KRW,금 99.99_1Kg,103730,1.0000,103.7300,3334.9945,103730.0000,"2025-05-19 14:59:17","2025-05-19 14:59:17",NULL,N
1626,"2024-06-19",KRW,미니금 99.99_100g,104090,0.1000,1040.9000,33465.6871,104090.0000,"2025-05-19 14:59:17","2025-05-19 14:59:17",NULL,N
1627,"2024-06-20",KRW,금 99.99_1Kg,104420,1.0000,104.4200,3357.1785,104420.0000,"2025-05-19 14:59:17","2025-05-19 14:59:17",NULL,N
1628,"2024-06-20",KRW,미니금 99.99_100g,104710,0.1000,1047.1000,33665.0216,104710.0000,"2025-05-19 14:59:17","2025-05-19 14:59:17",NULL,N
1629,"2024-06-21",KRW,금 99.99_1Kg,105440,1.0000,105.4400,3389.9722,105440.0000,"2025-05-19 14:59:17","2025-05-19 14:59:17",NULL,N
1630,"2024-06-21",KRW,미니금 99.99_100g,106000,0.1000,1060.0000,34079.7659,106000.0000,"2025-05-19 14:59:17","2025-05-19 14:59:17",NULL,N
1631,"2024-06-24",KRW,금 99.99_1Kg,104210,1.0000,104.2100,3350.4268,104210.0000,"2025-05-19 14:59:17","2025-05-19 14:59:17",NULL,N
1632,"2024-06-24",KRW,미니금 99.99_100g,104900,0.1000,1049.0000,33726.1080,104900.0000,"2025-05-19 14:59:17","2025-05-19 14:59:17",NULL,N
1633,"2024-06-25",KRW,금 99.99_1Kg,104190,1.0000,104.1900,3349.7838,104190.0000,"2025-05-19 14:59:17","2025-05-19 14:59:17",NULL,N
1634,"2024-06-25",KRW,미니금 99.99_100g,104640,0.1000,1046.4000,33642.5161,104640.0000,"2025-05-19 14:59:17","2025-05-19 14:59:17",NULL,N
1635,"2024-06-26",KRW,금 99.99_1Kg,103760,1.0000,103.7600,3335.9590,103760.0000,"2025-05-19 14:59:17","2025-05-19 14:59:17",NULL,N
1636,"2024-06-26",KRW,미니금 99.99_100g,103970,0.1000,1039.7000,33427.1063,103970.0000,"2025-05-19 14:59:17","2025-05-19 14:59:17",NULL,N
1637,"2024-06-27",KRW,금 99.99_1Kg,103020,1.0000,103.0200,3312.1674,103020.0000,"2025-05-19 14:59:17","2025-05-19 14:59:17",NULL,N
1638,"2024-06-27",KRW,미니금 99.99_100g,103560,0.1000,1035.6000,33295.2883,103560.0000,"2025-05-19 14:59:17","2025-05-19 14:59:17",NULL,N
1639,"2024-06-28",KRW,금 99.99_1Kg,103410,1.0000,103.4100,3324.7062,103410.0000,"2025-05-19 14:59:17","2025-05-19 14:59:17",NULL,N
1640,"2024-06-28",KRW,미니금 99.99_100g,104010,0.1000,1040.1000,33439.9666,104010.0000,"2025-05-19 14:59:17","2025-05-19 14:59:17",NULL,N
1641,"2024-07-01",KRW,금 99.99_1Kg,103620,1.0000,103.6200,3331.4579,103620.0000,"2025-05-19 14:59:17","2025-05-19 14:59:17",NULL,N
1642,"2024-07-01",KRW,미니금 99.99_100g,103960,0.1000,1039.6000,33423.8912,103960.0000,"2025-05-19 14:59:17","2025-05-19 14:59:17",NULL,N
1643,"2024-07-02",KRW,금 99.99_1Kg,104320,1.0000,104.3200,3353.9634,104320.0000,"2025-05-19 14:59:17","2025-05-19 14:59:17",NULL,N
1644,"2024-07-02",KRW,미니금 99.99_100g,104980,0.1000,1049.8000,33751.8286,104980.0000,"2025-05-19 14:59:17","2025-05-19 14:59:17",NULL,N
1645,"2024-07-03",KRW,금 99.99_1Kg,104550,1.0000,104.5500,3361.3580,104550.0000,"2025-05-19 14:59:17","2025-05-19 14:59:17",NULL,N
1646,"2024-07-03",KRW,미니금 99.99_100g,105100,0.1000,1051.0000,33790.4094,105100.0000,"2025-05-19 14:59:17","2025-05-19 14:59:17",NULL,N
1647,"2024-07-04",KRW,금 99.99_1Kg,104990,1.0000,104.9900,3375.5044,104990.0000,"2025-05-19 14:59:17","2025-05-19 14:59:17",NULL,N
1648,"2024-07-04",KRW,미니금 99.99_100g,105300,0.1000,1053.0000,33854.7109,105300.0000,"2025-05-19 14:59:17","2025-05-19 14:59:17",NULL,N
1649,"2024-07-05",KRW,금 99.99_1Kg,105150,1.0000,105.1500,3380.6485,105150.0000,"2025-05-19 14:59:17","2025-05-19 14:59:17",NULL,N
1650,"2024-07-05",KRW,미니금 99.99_100g,105940,0.1000,1059.4000,34060.4755,105940.0000,"2025-05-19 14:59:17","2025-05-19 14:59:17",NULL,N
1651,"2024-07-08",KRW,금 99.99_1Kg,105950,1.0000,105.9500,3406.3691,105950.0000,"2025-05-19 14:59:17","2025-05-19 14:59:17",NULL,N
1652,"2024-07-08",KRW,미니금 99.99_100g,106330,0.1000,1063.3000,34185.8633,106330.0000,"2025-05-19 14:59:17","2025-05-19 14:59:17",NULL,N
1653,"2024-07-09",KRW,금 99.99_1Kg,105560,1.0000,105.5600,3393.8303,105560.0000,"2025-05-19 14:59:17","2025-05-19 14:59:17",NULL,N
1654,"2024-07-09",KRW,미니금 99.99_100g,105940,0.1000,1059.4000,34060.4755,105940.0000,"2025-05-19 14:59:17","2025-05-19 14:59:17",NULL,N
1655,"2024-07-10",KRW,금 99.99_1Kg,105690,1.0000,105.6900,3398.0099,105690.0000,"2025-05-19 14:59:17","2025-05-19 14:59:17",NULL,N
1656,"2024-07-10",KRW,미니금 99.99_100g,106110,0.1000,1061.1000,34115.1317,106110.0000,"2025-05-19 14:59:17","2025-05-19 14:59:17",NULL,N
1657,"2024-07-11",KRW,금 99.99_1Kg,105810,1.0000,105.8100,3401.8680,105810.0000,"2025-05-19 14:59:17","2025-05-19 14:59:17",NULL,N
1658,"2024-07-11",KRW,미니금 99.99_100g,106200,0.1000,1062.0000,34144.0674,106200.0000,"2025-05-19 14:59:17","2025-05-19 14:59:17",NULL,N
1659,"2024-07-12",KRW,금 99.99_1Kg,106700,1.0000,106.7000,3430.4821,106700.0000,"2025-05-19 14:59:17","2025-05-19 14:59:17",NULL,N
1660,"2024-07-12",KRW,미니금 99.99_100g,106910,0.1000,1069.1000,34372.3375,106910.0000,"2025-05-19 14:59:17","2025-05-19 14:59:17",NULL,N
1661,"2024-07-15",KRW,금 99.99_1Kg,107320,1.0000,107.3200,3450.4155,107320.0000,"2025-05-19 14:59:17","2025-05-19 14:59:17",NULL,N
1662,"2024-07-15",KRW,미니금 99.99_100g,107520,0.1000,1075.2000,34568.4569,107520.0000,"2025-05-19 14:59:17","2025-05-19 14:59:17",NULL,N
1663,"2024-07-16",KRW,금 99.99_1Kg,108670,1.0000,108.6700,3493.8190,108670.0000,"2025-05-19 14:59:17","2025-05-19 14:59:17",NULL,N
1664,"2024-07-16",KRW,미니금 99.99_100g,108500,0.1000,1085.0000,34883.5340,108500.0000,"2025-05-19 14:59:17","2025-05-19 14:59:17",NULL,N
1665,"2024-07-17",KRW,금 99.99_1Kg,109770,1.0000,109.7700,3529.1848,109770.0000,"2025-05-19 14:59:17","2025-05-19 14:59:17",NULL,N
1666,"2024-07-17",KRW,미니금 99.99_100g,109830,0.1000,1098.3000,35311.1386,109830.0000,"2025-05-19 14:59:17","2025-05-19 14:59:17",NULL,N
1667,"2024-07-18",KRW,금 99.99_1Kg,109910,1.0000,109.9100,3533.6859,109910.0000,"2025-05-19 14:59:17","2025-05-19 14:59:17",NULL,N
1668,"2024-07-18",KRW,미니금 99.99_100g,109840,0.1000,1098.4000,35314.3537,109840.0000,"2025-05-19 14:59:17","2025-05-19 14:59:17",NULL,N
1669,"2024-07-19",KRW,금 99.99_1Kg,108140,1.0000,108.1400,3476.7791,108140.0000,"2025-05-19 14:59:17","2025-05-19 14:59:17",NULL,N
1670,"2024-07-19",KRW,미니금 99.99_100g,108730,0.1000,1087.3000,34957.4807,108730.0000,"2025-05-19 14:59:17","2025-05-19 14:59:17",NULL,N
1671,"2024-07-22",KRW,금 99.99_1Kg,107740,1.0000,107.7400,3463.9189,107740.0000,"2025-05-19 14:59:17","2025-05-19 14:59:17",NULL,N
1672,"2024-07-22",KRW,미니금 99.99_100g,108230,0.1000,1082.3000,34796.7271,108230.0000,"2025-05-19 14:59:17","2025-05-19 14:59:17",NULL,N
1673,"2024-07-23",KRW,금 99.99_1Kg,107020,1.0000,107.0200,3440.7703,107020.0000,"2025-05-19 14:59:17","2025-05-19 14:59:17",NULL,N
1674,"2024-07-23",KRW,미니금 99.99_100g,107760,0.1000,1077.6000,34645.6187,107760.0000,"2025-05-19 14:59:17","2025-05-19 14:59:17",NULL,N
1675,"2024-07-24",KRW,금 99.99_1Kg,108000,1.0000,108.0000,3472.2780,108000.0000,"2025-05-19 14:59:17","2025-05-19 14:59:17",NULL,N
1676,"2024-07-24",KRW,미니금 99.99_100g,108800,0.1000,1088.0000,34979.9862,108800.0000,"2025-05-19 14:59:17","2025-05-19 14:59:17",NULL,N
1677,"2024-07-25",KRW,금 99.99_1Kg,106160,1.0000,106.1600,3413.1207,106160.0000,"2025-05-19 14:59:17","2025-05-19 14:59:17",NULL,N
1678,"2024-07-25",KRW,미니금 99.99_100g,106840,0.1000,1068.4000,34349.8320,106840.0000,"2025-05-19 14:59:17","2025-05-19 14:59:17",NULL,N
1679,"2024-07-26",KRW,금 99.99_1Kg,106060,1.0000,106.0600,3409.9056,106060.0000,"2025-05-19 14:59:17","2025-05-19 14:59:17",NULL,N
1680,"2024-07-26",KRW,미니금 99.99_100g,106910,0.1000,1069.1000,34372.3375,106910.0000,"2025-05-19 14:59:17","2025-05-19 14:59:17",NULL,N
1681,"2024-07-29",KRW,금 99.99_1Kg,106780,1.0000,106.7800,3433.0542,106780.0000,"2025-05-19 14:59:17","2025-05-19 14:59:17",NULL,N
1682,"2024-07-29",KRW,미니금 99.99_100g,107150,0.1000,1071.5000,34449.4993,107150.0000,"2025-05-19 14:59:17","2025-05-19 14:59:17",NULL,N
1683,"2024-07-30",KRW,금 99.99_1Kg,106600,1.0000,106.6000,3427.2670,106600.0000,"2025-05-19 14:59:17","2025-05-19 14:59:17",NULL,N
1684,"2024-07-30",KRW,미니금 99.99_100g,107100,0.1000,1071.0000,34433.4239,107100.0000,"2025-05-19 14:59:17","2025-05-19 14:59:17",NULL,N
1685,"2024-07-31",KRW,금 99.99_1Kg,107380,1.0000,107.3800,3452.3446,107380.0000,"2025-05-19 14:59:17","2025-05-19 14:59:17",NULL,N
1686,"2024-07-31",KRW,미니금 99.99_100g,107950,0.1000,1079.5000,34706.7050,107950.0000,"2025-05-19 14:59:17","2025-05-19 14:59:17",NULL,N
1687,"2024-08-01",KRW,금 99.99_1Kg,107790,1.0000,107.7900,3465.5264,107790.0000,"2025-05-19 14:59:17","2025-05-19 14:59:17",NULL,N
1688,"2024-08-01",KRW,미니금 99.99_100g,108240,0.1000,1082.4000,34799.9421,108240.0000,"2025-05-19 14:59:17","2025-05-19 14:59:17",NULL,N
1689,"2024-08-02",KRW,금 99.99_1Kg,109800,1.0000,109.8000,3530.1493,109800.0000,"2025-05-19 14:59:17","2025-05-19 14:59:17",NULL,N
1690,"2024-08-02",KRW,미니금 99.99_100g,109320,0.1000,1093.2000,35147.1699,109320.0000,"2025-05-19 14:59:17","2025-05-19 14:59:17",NULL,N
1691,"2024-08-05",KRW,금 99.99_1Kg,109010,1.0000,109.0100,3504.7503,109010.0000,"2025-05-19 14:59:17","2025-05-19 14:59:17",NULL,N
1692,"2024-08-05",KRW,미니금 99.99_100g,109440,0.1000,1094.4000,35185.7508,109440.0000,"2025-05-19 14:59:17","2025-05-19 14:59:17",NULL,N
1693,"2024-08-06",KRW,금 99.99_1Kg,109050,1.0000,109.0500,3506.0363,109050.0000,"2025-05-19 14:59:17","2025-05-19 14:59:17",NULL,N
1694,"2024-08-06",KRW,미니금 99.99_100g,108900,0.1000,1089.0000,35012.1369,108900.0000,"2025-05-19 14:59:17","2025-05-19 14:59:17",NULL,N
1695,"2024-08-07",KRW,금 99.99_1Kg,108610,1.0000,108.6100,3491.8900,108610.0000,"2025-05-19 14:59:17","2025-05-19 14:59:17",NULL,N
1696,"2024-08-07",KRW,미니금 99.99_100g,108930,0.1000,1089.3000,35021.7821,108930.0000,"2025-05-19 14:59:17","2025-05-19 14:59:17",NULL,N
1697,"2024-08-08",KRW,금 99.99_1Kg,108930,1.0000,108.9300,3502.1782,108930.0000,"2025-05-19 14:59:17","2025-05-19 14:59:17",NULL,N
1698,"2024-08-08",KRW,미니금 99.99_100g,108920,0.1000,1089.2000,35018.5670,108920.0000,"2025-05-19 14:59:17","2025-05-19 14:59:17",NULL,N
1699,"2024-08-09",KRW,금 99.99_1Kg,107970,1.0000,107.9700,3471.3135,107970.0000,"2025-05-19 14:59:17","2025-05-19 14:59:17",NULL,N
1700,"2024-08-09",KRW,미니금 99.99_100g,108310,0.1000,1083.1000,34822.4476,108310.0000,"2025-05-19 14:59:17","2025-05-19 14:59:17",NULL,N
1701,"2024-08-12",KRW,금 99.99_1Kg,108800,1.0000,108.8000,3497.9986,108800.0000,"2025-05-19 14:59:17","2025-05-19 14:59:17",NULL,N
1702,"2024-08-12",KRW,미니금 99.99_100g,108670,0.1000,1086.7000,34938.1902,108670.0000,"2025-05-19 14:59:17","2025-05-19 14:59:17",NULL,N
1703,"2024-08-13",KRW,금 99.99_1Kg,109480,1.0000,109.4800,3519.8611,109480.0000,"2025-05-19 14:59:17","2025-05-19 14:59:17",NULL,N
1704,"2024-08-13",KRW,미니금 99.99_100g,109490,0.1000,1094.9000,35201.8262,109490.0000,"2025-05-19 14:59:17","2025-05-19 14:59:17",NULL,N
1705,"2024-08-14",KRW,금 99.99_1Kg,108980,1.0000,108.9800,3503.7857,108980.0000,"2025-05-19 14:59:17","2025-05-19 14:59:17",NULL,N
1706,"2024-08-14",KRW,미니금 99.99_100g,109370,0.1000,1093.7000,35163.2453,109370.0000,"2025-05-19 14:59:17","2025-05-19 14:59:17",NULL,N
1707,"2024-08-16",KRW,금 99.99_1Kg,108020,1.0000,108.0200,3472.9211,108020.0000,"2025-05-19 14:59:17","2025-05-19 14:59:17",NULL,N
1708,"2024-08-16",KRW,미니금 99.99_100g,108270,0.1000,1082.7000,34809.5873,108270.0000,"2025-05-19 14:59:17","2025-05-19 14:59:17",NULL,N
1709,"2024-08-19",KRW,금 99.99_1Kg,108180,1.0000,108.1800,3478.0652,108180.0000,"2025-05-19 14:59:17","2025-05-19 14:59:17",NULL,N
1710,"2024-08-19",KRW,미니금 99.99_100g,108280,0.1000,1082.8000,34812.8024,108280.0000,"2025-05-19 14:59:17","2025-05-19 14:59:17",NULL,N
1711,"2024-08-20",KRW,금 99.99_1Kg,108330,1.0000,108.3300,3482.8878,108330.0000,"2025-05-19 14:59:17","2025-05-19 14:59:17",NULL,N
1712,"2024-08-20",KRW,미니금 99.99_100g,108770,0.1000,1087.7000,34970.3410,108770.0000,"2025-05-19 14:59:17","2025-05-19 14:59:17",NULL,N
1713,"2024-08-21",KRW,금 99.99_1Kg,109040,1.0000,109.0400,3505.7148,109040.0000,"2025-05-19 14:59:17","2025-05-19 14:59:17",NULL,N
1714,"2024-08-21",KRW,미니금 99.99_100g,109000,0.1000,1090.0000,35044.2876,109000.0000,"2025-05-19 14:59:17","2025-05-19 14:59:17",NULL,N
1715,"2024-08-22",KRW,금 99.99_1Kg,108600,1.0000,108.6000,3491.5685,108600.0000,"2025-05-19 14:59:17","2025-05-19 14:59:17",NULL,N
1716,"2024-08-22",KRW,미니금 99.99_100g,109060,0.1000,1090.6000,35063.5781,109060.0000,"2025-05-19 14:59:17","2025-05-19 14:59:17",NULL,N
1717,"2024-08-23",KRW,금 99.99_1Kg,108340,1.0000,108.3400,3483.2093,108340.0000,"2025-05-19 14:59:17","2025-05-19 14:59:17",NULL,N
1718,"2024-08-23",KRW,미니금 99.99_100g,108600,0.1000,1086.0000,34915.6847,108600.0000,"2025-05-19 14:59:17","2025-05-19 14:59:17",NULL,N
1719,"2024-08-26",KRW,금 99.99_1Kg,107980,1.0000,107.9800,3471.6350,107980.0000,"2025-05-19 14:59:17","2025-05-19 14:59:17",NULL,N
1720,"2024-08-26",KRW,미니금 99.99_100g,108210,0.1000,1082.1000,34790.2969,108210.0000,"2025-05-19 14:59:17","2025-05-19 14:59:17",NULL,N
1721,"2024-08-27",KRW,금 99.99_1Kg,108220,1.0000,108.2200,3479.3512,108220.0000,"2025-05-19 14:59:17","2025-05-19 14:59:17",NULL,N
1722,"2024-08-27",KRW,미니금 99.99_100g,108490,0.1000,1084.9000,34880.3189,108490.0000,"2025-05-19 14:59:17","2025-05-19 14:59:17",NULL,N
1723,"2024-08-28",KRW,금 99.99_1Kg,108400,1.0000,108.4000,3485.1383,108400.0000,"2025-05-19 14:59:17","2025-05-19 14:59:17",NULL,N
1724,"2024-08-28",KRW,미니금 99.99_100g,108870,0.1000,1088.7000,35002.4917,108870.0000,"2025-05-19 14:59:17","2025-05-19 14:59:17",NULL,N
1725,"2024-08-29",KRW,금 99.99_1Kg,108550,1.0000,108.5500,3489.9609,108550.0000,"2025-05-19 14:59:17","2025-05-19 14:59:17",NULL,N
1726,"2024-08-29",KRW,미니금 99.99_100g,108740,0.1000,1087.4000,34960.6957,108740.0000,"2025-05-19 14:59:17","2025-05-19 14:59:17",NULL,N
1727,"2024-08-30",KRW,금 99.99_1Kg,108420,1.0000,108.4200,3485.7813,108420.0000,"2025-05-19 14:59:17","2025-05-19 14:59:17",NULL,N
1728,"2024-08-30",KRW,미니금 99.99_100g,108750,0.1000,1087.5000,34963.9108,108750.0000,"2025-05-19 14:59:17","2025-05-19 14:59:17",NULL,N
1729,"2024-09-02",KRW,금 99.99_1Kg,108390,1.0000,108.3900,3484.8168,108390.0000,"2025-05-19 14:59:17","2025-05-19 14:59:17",NULL,N
1730,"2024-09-02",KRW,미니금 99.99_100g,108700,0.1000,1087.0000,34947.8355,108700.0000,"2025-05-19 14:59:17","2025-05-19 14:59:17",NULL,N
1731,"2024-09-03",KRW,금 99.99_1Kg,108420,1.0000,108.4200,3485.7813,108420.0000,"2025-05-19 14:59:17","2025-05-19 14:59:17",NULL,N
1732,"2024-09-03",KRW,미니금 99.99_100g,108440,0.1000,1084.4000,34864.2436,108440.0000,"2025-05-19 14:59:17","2025-05-19 14:59:17",NULL,N
1733,"2024-09-04",KRW,금 99.99_1Kg,108200,1.0000,108.2000,3478.7082,108200.0000,"2025-05-19 14:59:17","2025-05-19 14:59:17",NULL,N
1734,"2024-09-04",KRW,미니금 99.99_100g,108470,0.1000,1084.7000,34873.8888,108470.0000,"2025-05-19 14:59:17","2025-05-19 14:59:17",NULL,N
1735,"2024-09-05",KRW,금 99.99_1Kg,108100,1.0000,108.1000,3475.4931,108100.0000,"2025-05-19 14:59:17","2025-05-19 14:59:17",NULL,N
1736,"2024-09-05",KRW,미니금 99.99_100g,108370,0.1000,1083.7000,34841.7381,108370.0000,"2025-05-19 14:59:17","2025-05-19 14:59:17",NULL,N
1737,"2024-09-06",KRW,금 99.99_1Kg,108110,1.0000,108.1100,3475.8146,108110.0000,"2025-05-19 14:59:17","2025-05-19 14:59:17",NULL,N
1738,"2024-09-06",KRW,미니금 99.99_100g,108460,0.1000,1084.6000,34870.6737,108460.0000,"2025-05-19 14:59:17","2025-05-19 14:59:17",NULL,N
1739,"2024-09-09",KRW,금 99.99_1Kg,107860,1.0000,107.8600,3467.7769,107860.0000,"2025-05-19 14:59:17","2025-05-19 14:59:17",NULL,N
1740,"2024-09-09",KRW,미니금 99.99_100g,108180,0.1000,1081.8000,34780.6517,108180.0000,"2025-05-19 14:59:17","2025-05-19 14:59:17",NULL,N
1741,"2024-09-10",KRW,금 99.99_1Kg,108390,1.0000,108.3900,3484.8168,108390.0000,"2025-05-19 14:59:17","2025-05-19 14:59:17",NULL,N
1742,"2024-09-10",KRW,미니금 99.99_100g,108470,0.1000,1084.7000,34873.8888,108470.0000,"2025-05-19 14:59:17","2025-05-19 14:59:17",NULL,N
1743,"2024-09-11",KRW,금 99.99_1Kg,108750,1.0000,108.7500,3496.3911,108750.0000,"2025-05-19 14:59:17","2025-05-19 14:59:17",NULL,N
1744,"2024-09-11",KRW,미니금 99.99_100g,109080,0.1000,1090.8000,35070.0082,109080.0000,"2025-05-19 14:59:17","2025-05-19 14:59:17",NULL,N
1745,"2024-09-12",KRW,금 99.99_1Kg,108650,1.0000,108.6500,3493.1760,108650.0000,"2025-05-19 14:59:17","2025-05-19 14:59:17",NULL,N
1746,"2024-09-12",KRW,미니금 99.99_100g,109100,0.1000,1091.0000,35076.4383,109100.0000,"2025-05-19 14:59:17","2025-05-19 14:59:17",NULL,N
1747,"2024-09-13",KRW,금 99.99_1Kg,109750,1.0000,109.7500,3528.5418,109750.0000,"2025-05-19 14:59:17","2025-05-19 14:59:17",NULL,N
1748,"2024-09-13",KRW,미니금 99.99_100g,109850,0.1000,1098.5000,35317.5688,109850.0000,"2025-05-19 14:59:17","2025-05-19 14:59:17",NULL,N
1749,"2024-09-19",KRW,금 99.99_1Kg,110420,1.0000,110.4200,3550.0828,110420.0000,"2025-05-19 14:59:17","2025-05-19 14:59:17",NULL,N
1750,"2024-09-19",KRW,미니금 99.99_100g,110500,0.1000,1105.0000,35526.5485,110500.0000,"2025-05-19 14:59:17","2025-05-19 14:59:17",NULL,N
1751,"2024-09-20",KRW,금 99.99_1Kg,111430,1.0000,111.4300,3582.5550,111430.0000,"2025-05-19 14:59:17","2025-05-19 14:59:17",NULL,N
1752,"2024-09-20",KRW,미니금 99.99_100g,111280,0.1000,1112.8000,35777.3241,111280.0000,"2025-05-19 14:59:17","2025-05-19 14:59:17",NULL,N
1753,"2024-09-23",KRW,금 99.99_1Kg,113300,1.0000,113.3000,3642.6769,113300.0000,"2025-05-19 14:59:17","2025-05-19 14:59:17",NULL,N
1754,"2024-09-23",KRW,미니금 99.99_100g,113420,0.1000,1134.2000,36465.3496,113420.0000,"2025-05-19 14:59:17","2025-05-19 14:59:17",NULL,N
1755,"2024-09-24",KRW,금 99.99_1Kg,113110,1.0000,113.1100,3636.5682,113110.0000,"2025-05-19 14:59:17","2025-05-19 14:59:17",NULL,N
1756,"2024-09-24",KRW,미니금 99.99_100g,113360,0.1000,1133.6000,36446.0591,113360.0000,"2025-05-19 14:59:17","2025-05-19 14:59:17",NULL,N
1757,"2024-09-25",KRW,금 99.99_1Kg,114120,1.0000,114.1200,3669.0405,114120.0000,"2025-05-19 14:59:17","2025-05-19 14:59:17",NULL,N
1758,"2024-09-25",KRW,미니금 99.99_100g,114120,0.1000,1141.2000,36690.4046,114120.0000,"2025-05-19 14:59:17","2025-05-19 14:59:17",NULL,N
1759,"2024-09-26",KRW,금 99.99_1Kg,114000,1.0000,114.0000,3665.1824,114000.0000,"2025-05-19 14:59:17","2025-05-19 14:59:17",NULL,N
1760,"2024-09-26",KRW,미니금 99.99_100g,114300,0.1000,1143.0000,36748.2759,114300.0000,"2025-05-19 14:59:17","2025-05-19 14:59:17",NULL,N
1761,"2024-09-27",KRW,금 99.99_1Kg,113440,1.0000,113.4400,3647.1780,113440.0000,"2025-05-19 14:59:17","2025-05-19 14:59:17",NULL,N
1762,"2024-09-27",KRW,미니금 99.99_100g,113950,0.1000,1139.5000,36635.7484,113950.0000,"2025-05-19 14:59:17","2025-05-19 14:59:17",NULL,N
1763,"2024-09-30",KRW,금 99.99_1Kg,111980,1.0000,111.9800,3600.2379,111980.0000,"2025-05-19 14:59:17","2025-05-19 14:59:17",NULL,N
1764,"2024-09-30",KRW,미니금 99.99_100g,112420,0.1000,1124.2000,36143.8423,112420.0000,"2025-05-19 14:59:17","2025-05-19 14:59:17",NULL,N
1765,"2024-10-02",KRW,금 99.99_1Kg,112500,1.0000,112.5000,3616.9563,112500.0000,"2025-05-19 14:59:17","2025-05-19 14:59:17",NULL,N
1766,"2024-10-02",KRW,미니금 99.99_100g,113420,0.1000,1134.2000,36465.3496,113420.0000,"2025-05-19 14:59:17","2025-05-19 14:59:17",NULL,N
1767,"2024-10-04",KRW,금 99.99_1Kg,114340,1.0000,114.3400,3676.1136,114340.0000,"2025-05-19 14:59:17","2025-05-19 14:59:17",NULL,N
1768,"2024-10-04",KRW,미니금 99.99_100g,114650,0.1000,1146.5000,36860.8034,114650.0000,"2025-05-19 14:59:17","2025-05-19 14:59:17",NULL,N
1769,"2024-10-07",KRW,금 99.99_1Kg,114830,1.0000,114.8300,3691.8675,114830.0000,"2025-05-19 14:59:17","2025-05-19 14:59:17",NULL,N
1770,"2024-10-07",KRW,미니금 99.99_100g,115470,0.1000,1154.7000,37124.4394,115470.0000,"2025-05-19 14:59:17","2025-05-19 14:59:17",NULL,N
1771,"2024-10-08",KRW,금 99.99_1Kg,115080,1.0000,115.0800,3699.9052,115080.0000,"2025-05-19 14:59:17","2025-05-19 14:59:17",NULL,N
1772,"2024-10-08",KRW,미니금 99.99_100g,115650,0.1000,1156.5000,37182.3107,115650.0000,"2025-05-19 14:59:17","2025-05-19 14:59:17",NULL,N
1773,"2024-10-10",KRW,금 99.99_1Kg,114190,1.0000,114.1900,3671.2910,114190.0000,"2025-05-19 14:59:17","2025-05-19 14:59:17",NULL,N
1774,"2024-10-10",KRW,미니금 99.99_100g,115390,0.1000,1153.9000,37098.7188,115390.0000,"2025-05-19 14:59:17","2025-05-19 14:59:17",NULL,N
1775,"2024-10-11",KRW,금 99.99_1Kg,115000,1.0000,115.0000,3697.3331,115000.0000,"2025-05-19 14:59:17","2025-05-19 14:59:17",NULL,N
1776,"2024-10-11",KRW,미니금 99.99_100g,116210,0.1000,1162.1000,37362.3547,116210.0000,"2025-05-19 14:59:17","2025-05-19 14:59:17",NULL,N
1777,"2024-10-14",KRW,금 99.99_1Kg,116220,1.0000,116.2200,3736.5570,116220.0000,"2025-05-19 14:59:17","2025-05-19 14:59:17",NULL,N
1778,"2024-10-14",KRW,미니금 99.99_100g,117980,0.1000,1179.8000,37931.4225,117980.0000,"2025-05-19 14:59:17","2025-05-19 14:59:17",NULL,N
1779,"2024-10-15",KRW,금 99.99_1Kg,116290,1.0000,116.2900,3738.8075,116290.0000,"2025-05-19 14:59:17","2025-05-19 14:59:17",NULL,N
1780,"2024-10-15",KRW,미니금 99.99_100g,119170,0.1000,1191.7000,38314.0161,119170.0000,"2025-05-19 14:59:17","2025-05-19 14:59:17",NULL,N
1781,"2024-10-16",KRW,금 99.99_1Kg,117500,1.0000,117.5000,3777.7099,117500.0000,"2025-05-19 14:59:17","2025-05-19 14:59:17",NULL,N
1782,"2024-10-16",KRW,미니금 99.99_100g,118800,0.1000,1188.0000,38195.0584,118800.0000,"2025-05-19 14:59:17","2025-05-19 14:59:17",NULL,N
1783,"2024-10-17",KRW,금 99.99_1Kg,118520,1.0000,118.5200,3810.5036,118520.0000,"2025-05-19 14:59:17","2025-05-19 14:59:17",NULL,N
1784,"2024-10-17",KRW,미니금 99.99_100g,120260,0.1000,1202.6000,38664.4590,120260.0000,"2025-05-19 14:59:17","2025-05-19 14:59:17",NULL,N
1785,"2024-10-18",KRW,금 99.99_1Kg,120700,1.0000,120.7000,3880.5922,120700.0000,"2025-05-19 14:59:17","2025-05-19 14:59:17",NULL,N
1786,"2024-10-18",KRW,미니금 99.99_100g,120980,0.1000,1209.8000,38895.9442,120980.0000,"2025-05-19 14:59:17","2025-05-19 14:59:17",NULL,N
1787,"2024-10-21",KRW,금 99.99_1Kg,123250,1.0000,123.2500,3962.5766,123250.0000,"2025-05-19 14:59:17","2025-05-19 14:59:17",NULL,N
1788,"2024-10-21",KRW,미니금 99.99_100g,124790,0.1000,1247.9000,40120.8867,124790.0000,"2025-05-19 14:59:17","2025-05-19 14:59:17",NULL,N
1789,"2024-10-22",KRW,금 99.99_1Kg,126080,1.0000,126.0800,4053.5631,126080.0000,"2025-05-19 14:59:17","2025-05-19 14:59:17",NULL,N
1790,"2024-10-22",KRW,미니금 99.99_100g,128000,0.1000,1280.0000,41152.9249,128000.0000,"2025-05-19 14:59:17","2025-05-19 14:59:17",NULL,N
1791,"2024-10-23",KRW,금 99.99_1Kg,130050,1.0000,130.0500,4181.2015,130050.0000,"2025-05-19 14:59:17","2025-05-19 14:59:17",NULL,N
1792,"2024-10-23",KRW,미니금 99.99_100g,131510,0.1000,1315.1000,42281.4153,131510.0000,"2025-05-19 14:59:17","2025-05-19 14:59:17",NULL,N
1793,"2024-10-24",KRW,금 99.99_1Kg,129100,1.0000,129.1000,4150.6583,129100.0000,"2025-05-19 14:59:17","2025-05-19 14:59:17",NULL,N
1794,"2024-10-24",KRW,미니금 99.99_100g,131600,0.1000,1316.0000,42310.3509,131600.0000,"2025-05-19 14:59:17","2025-05-19 14:59:17",NULL,N
1795,"2024-10-25",KRW,금 99.99_1Kg,128200,1.0000,128.2000,4121.7226,128200.0000,"2025-05-19 14:59:17","2025-05-19 14:59:17",NULL,N
1796,"2024-10-25",KRW,미니금 99.99_100g,130660,0.1000,1306.6000,42008.1341,130660.0000,"2025-05-19 14:59:17","2025-05-19 14:59:17",NULL,N
1797,"2024-10-28",KRW,금 99.99_1Kg,129190,1.0000,129.1900,4153.5519,129190.0000,"2025-05-19 14:59:17","2025-05-19 14:59:17",NULL,N
1798,"2024-10-28",KRW,미니금 99.99_100g,130640,0.1000,1306.4000,42001.7040,130640.0000,"2025-05-19 14:59:17","2025-05-19 14:59:17",NULL,N
1799,"2024-10-29",KRW,금 99.99_1Kg,128800,1.0000,128.8000,4141.0131,128800.0000,"2025-05-19 14:59:17","2025-05-19 14:59:17",NULL,N
1800,"2024-10-29",KRW,미니금 99.99_100g,130770,0.1000,1307.7000,42043.4999,130770.0000,"2025-05-19 14:59:17","2025-05-19 14:59:17",NULL,N
1801,"2024-10-30",KRW,금 99.99_1Kg,129050,1.0000,129.0500,4149.0507,129050.0000,"2025-05-19 14:59:17","2025-05-19 14:59:17",NULL,N
1802,"2024-10-30",KRW,미니금 99.99_100g,133050,0.1000,1330.5000,42776.5364,133050.0000,"2025-05-19 14:59:17","2025-05-19 14:59:17",NULL,N
1803,"2024-10-31",KRW,금 99.99_1Kg,127590,1.0000,127.5900,4102.1107,127590.0000,"2025-05-19 14:59:17","2025-05-19 14:59:17",NULL,N
1804,"2024-10-31",KRW,미니금 99.99_100g,132390,0.1000,1323.9000,42564.3416,132390.0000,"2025-05-19 14:59:17","2025-05-19 14:59:17",NULL,N
1805,"2024-11-01",KRW,금 99.99_1Kg,124650,1.0000,124.6500,4007.5876,124650.0000,"2025-05-19 14:59:17","2025-05-19 14:59:17",NULL,N
1806,"2024-11-01",KRW,미니금 99.99_100g,132310,0.1000,1323.1000,42538.6211,132310.0000,"2025-05-19 14:59:17","2025-05-19 14:59:17",NULL,N
1807,"2024-11-04",KRW,금 99.99_1Kg,122030,1.0000,122.0300,3923.3527,122030.0000,"2025-05-19 14:59:17","2025-05-19 14:59:17",NULL,N
1808,"2024-11-04",KRW,미니금 99.99_100g,128480,0.1000,1284.8000,41307.2484,128480.0000,"2025-05-19 14:59:17","2025-05-19 14:59:17",NULL,N
1809,"2024-11-05",KRW,금 99.99_1Kg,122610,1.0000,122.6100,3942.0001,122610.0000,"2025-05-19 14:59:17","2025-05-19 14:59:17",NULL,N
1810,"2024-11-05",KRW,미니금 99.99_100g,128100,0.1000,1281.0000,41185.0756,128100.0000,"2025-05-19 14:59:17","2025-05-19 14:59:17",NULL,N
1811,"2024-11-06",KRW,금 99.99_1Kg,124260,1.0000,124.2600,3995.0488,124260.0000,"2025-05-19 14:59:17","2025-05-19 14:59:17",NULL,N
1812,"2024-11-06",KRW,미니금 99.99_100g,126590,0.1000,1265.9000,40699.5997,126590.0000,"2025-05-19 14:59:17","2025-05-19 14:59:17",NULL,N
1813,"2024-11-07",KRW,금 99.99_1Kg,120130,1.0000,120.1300,3862.2663,120130.0000,"2025-05-19 14:59:17","2025-05-19 14:59:17",NULL,N
1814,"2024-11-07",KRW,미니금 99.99_100g,121600,0.1000,1216.0000,39095.2787,121600.0000,"2025-05-19 14:59:17","2025-05-19 14:59:17",NULL,N
1815,"2024-11-08",KRW,금 99.99_1Kg,121220,1.0000,121.2200,3897.3106,121220.0000,"2025-05-19 14:59:17","2025-05-19 14:59:17",NULL,N
1816,"2024-11-08",KRW,미니금 99.99_100g,122290,0.1000,1222.9000,39317.1187,122290.0000,"2025-05-19 14:59:17","2025-05-19 14:59:17",NULL,N
1817,"2024-11-11",KRW,금 99.99_1Kg,119740,1.0000,119.7400,3849.7275,119740.0000,"2025-05-19 14:59:17","2025-05-19 14:59:17",NULL,N
1818,"2024-11-11",KRW,미니금 99.99_100g,120940,0.1000,1209.4000,38883.0839,120940.0000,"2025-05-19 14:59:17","2025-05-19 14:59:17",NULL,N
1819,"2024-11-12",KRW,금 99.99_1Kg,117530,1.0000,117.5300,3778.6744,117530.0000,"2025-05-19 14:59:17","2025-05-19 14:59:17",NULL,N
1820,"2024-11-12",KRW,미니금 99.99_100g,118090,0.1000,1180.9000,37966.7883,118090.0000,"2025-05-19 14:59:17","2025-05-19 14:59:17",NULL,N
1821,"2024-11-13",KRW,금 99.99_1Kg,118290,1.0000,118.2900,3803.1090,118290.0000,"2025-05-19 14:59:17","2025-05-19 14:59:17",NULL,N
1822,"2024-11-13",KRW,미니금 99.99_100g,119460,0.1000,1194.6000,38407.2532,119460.0000,"2025-05-19 14:59:17","2025-05-19 14:59:17",NULL,N
1823,"2024-11-14",KRW,금 99.99_1Kg,115600,1.0000,115.6000,3716.6235,115600.0000,"2025-05-19 14:59:17","2025-05-19 14:59:17",NULL,N
1824,"2024-11-14",KRW,미니금 99.99_100g,115880,0.1000,1158.8000,37256.2573,115880.0000,"2025-05-19 14:59:17","2025-05-19 14:59:17",NULL,N
1825,"2024-11-15",KRW,금 99.99_1Kg,115860,1.0000,115.8600,3724.9827,115860.0000,"2025-05-19 14:59:17","2025-05-19 14:59:17",NULL,N
1826,"2024-11-15",KRW,미니금 99.99_100g,115710,0.1000,1157.1000,37201.6011,115710.0000,"2025-05-19 14:59:17","2025-05-19 14:59:17",NULL,N
1827,"2024-11-18",KRW,금 99.99_1Kg,116700,1.0000,116.7000,3751.9893,116700.0000,"2025-05-19 14:59:17","2025-05-19 14:59:17",NULL,N
1828,"2024-11-18",KRW,미니금 99.99_100g,116970,0.1000,1169.7000,37606.7002,116970.0000,"2025-05-19 14:59:17","2025-05-19 14:59:17",NULL,N
1829,"2024-11-19",KRW,금 99.99_1Kg,118520,1.0000,118.5200,3810.5036,118520.0000,"2025-05-19 14:59:17","2025-05-19 14:59:17",NULL,N
1830,"2024-11-19",KRW,미니금 99.99_100g,118820,0.1000,1188.2000,38201.4886,118820.0000,"2025-05-19 14:59:17","2025-05-19 14:59:17",NULL,N
1831,"2024-11-20",KRW,금 99.99_1Kg,119910,1.0000,119.9100,3855.1931,119910.0000,"2025-05-19 14:59:17","2025-05-19 14:59:17",NULL,N
1832,"2024-11-20",KRW,미니금 99.99_100g,120030,0.1000,1200.3000,38590.5123,120030.0000,"2025-05-19 14:59:17","2025-05-19 14:59:17",NULL,N
1833,"2024-11-21",KRW,금 99.99_1Kg,120630,1.0000,120.6300,3878.3417,120630.0000,"2025-05-19 14:59:17","2025-05-19 14:59:17",NULL,N
1834,"2024-11-21",KRW,미니금 99.99_100g,121570,0.1000,1215.7000,39085.6334,121570.0000,"2025-05-19 14:59:17","2025-05-19 14:59:17",NULL,N
1835,"2024-11-22",KRW,금 99.99_1Kg,121930,1.0000,121.9300,3920.1376,121930.0000,"2025-05-19 14:59:17","2025-05-19 14:59:17",NULL,N
1836,"2024-11-22",KRW,미니금 99.99_100g,122790,0.1000,1227.9000,39477.8723,122790.0000,"2025-05-19 14:59:17","2025-05-19 14:59:17",NULL,N
1837,"2024-11-25",KRW,금 99.99_1Kg,121140,1.0000,121.1400,3894.7385,121140.0000,"2025-05-19 14:59:17","2025-05-19 14:59:17",NULL,N
1838,"2024-11-25",KRW,미니금 99.99_100g,121760,0.1000,1217.6000,39146.7198,121760.0000,"2025-05-19 14:59:17","2025-05-19 14:59:17",NULL,N
1839,"2024-11-26",KRW,금 99.99_1Kg,119220,1.0000,119.2200,3833.0091,119220.0000,"2025-05-19 14:59:17","2025-05-19 14:59:17",NULL,N
1840,"2024-11-26",KRW,미니금 99.99_100g,119760,0.1000,1197.6000,38503.7054,119760.0000,"2025-05-19 14:59:17","2025-05-19 14:59:17",NULL,N
1841,"2024-11-27",KRW,금 99.99_1Kg,119430,1.0000,119.4300,3839.7608,119430.0000,"2025-05-19 14:59:17","2025-05-19 14:59:17",NULL,N
1842,"2024-11-27",KRW,미니금 99.99_100g,120060,0.1000,1200.6000,38600.1575,120060.0000,"2025-05-19 14:59:17","2025-05-19 14:59:17",NULL,N
1843,"2024-11-28",KRW,금 99.99_1Kg,118880,1.0000,118.8800,3822.0779,118880.0000,"2025-05-19 14:59:17","2025-05-19 14:59:17",NULL,N
1844,"2024-11-28",KRW,미니금 99.99_100g,119370,0.1000,1193.7000,38378.3176,119370.0000,"2025-05-19 14:59:17","2025-05-19 14:59:17",NULL,N
1845,"2024-11-29",KRW,금 99.99_1Kg,119990,1.0000,119.9900,3857.7652,119990.0000,"2025-05-19 14:59:17","2025-05-19 14:59:17",NULL,N
1846,"2024-11-29",KRW,미니금 99.99_100g,119980,0.1000,1199.8000,38574.4370,119980.0000,"2025-05-19 14:59:17","2025-05-19 14:59:17",NULL,N
1847,"2024-12-02",KRW,금 99.99_1Kg,119310,1.0000,119.3100,3835.9027,119310.0000,"2025-05-19 14:59:17","2025-05-19 14:59:17",NULL,N
1848,"2024-12-02",KRW,미니금 99.99_100g,119430,0.1000,1194.3000,38397.6080,119430.0000,"2025-05-19 14:59:17","2025-05-19 14:59:17",NULL,N
1849,"2024-12-03",KRW,금 99.99_1Kg,120000,1.0000,120.0000,3858.0867,120000.0000,"2025-05-19 14:59:17","2025-05-19 14:59:17",NULL,N
1850,"2024-12-03",KRW,미니금 99.99_100g,120330,0.1000,1203.3000,38686.9645,120330.0000,"2025-05-19 14:59:17","2025-05-19 14:59:17",NULL,N
1851,"2024-12-04",KRW,금 99.99_1Kg,120820,1.0000,120.8200,3884.4503,120820.0000,"2025-05-19 14:59:17","2025-05-19 14:59:17",NULL,N
1852,"2024-12-04",KRW,미니금 99.99_100g,121370,0.1000,1213.7000,39021.3320,121370.0000,"2025-05-19 14:59:17","2025-05-19 14:59:17",NULL,N
1853,"2024-12-05",KRW,금 99.99_1Kg,121350,1.0000,121.3500,3901.4902,121350.0000,"2025-05-19 14:59:17","2025-05-19 14:59:17",NULL,N
1854,"2024-12-05",KRW,미니금 99.99_100g,121810,0.1000,1218.1000,39162.7952,121810.0000,"2025-05-19 14:59:17","2025-05-19 14:59:17",NULL,N
1855,"2024-12-06",KRW,금 99.99_1Kg,121540,1.0000,121.5400,3907.5988,121540.0000,"2025-05-19 14:59:17","2025-05-19 14:59:17",NULL,N
1856,"2024-12-06",KRW,미니금 99.99_100g,121960,0.1000,1219.6000,39211.0213,121960.0000,"2025-05-19 14:59:17","2025-05-19 14:59:17",NULL,N
1857,"2024-12-09",KRW,금 99.99_1Kg,122780,1.0000,122.7800,3947.4657,122780.0000,"2025-05-19 14:59:17","2025-05-19 14:59:17",NULL,N
1858,"2024-12-09",KRW,미니금 99.99_100g,123060,0.1000,1230.6000,39564.6792,123060.0000,"2025-05-19 14:59:17","2025-05-19 14:59:17",NULL,N
1859,"2024-12-10",KRW,금 99.99_1Kg,123380,1.0000,123.3800,3966.7562,123380.0000,"2025-05-19 14:59:17","2025-05-19 14:59:17",NULL,N
1860,"2024-12-10",KRW,미니금 99.99_100g,123640,0.1000,1236.4000,39751.1534,123640.0000,"2025-05-19 14:59:17","2025-05-19 14:59:17",NULL,N
1861,"2024-12-11",KRW,금 99.99_1Kg,124820,1.0000,124.8200,4013.0532,124820.0000,"2025-05-19 14:59:17","2025-05-19 14:59:17",NULL,N
1862,"2024-12-11",KRW,미니금 99.99_100g,124870,0.1000,1248.7000,40146.6073,124870.0000,"2025-05-19 14:59:17","2025-05-19 14:59:17",NULL,N
1863,"2024-12-12",KRW,금 99.99_1Kg,125560,1.0000,125.5600,4036.8447,125560.0000,"2025-05-19 14:59:17","2025-05-19 14:59:17",NULL,N
1864,"2024-12-12",KRW,미니금 99.99_100g,126020,0.1000,1260.2000,40516.3406,126020.0000,"2025-05-19 14:59:17","2025-05-19 14:59:17",NULL,N
1865,"2024-12-13",KRW,금 99.99_1Kg,124500,1.0000,124.5000,4002.7650,124500.0000,"2025-05-19 14:59:17","2025-05-19 14:59:17",NULL,N
1866,"2024-12-13",KRW,미니금 99.99_100g,124650,0.1000,1246.5000,40075.8757,124650.0000,"2025-05-19 14:59:17","2025-05-19 14:59:17",NULL,N
1867,"2024-12-16",KRW,금 99.99_1Kg,123410,1.0000,123.4100,3967.7207,123410.0000,"2025-05-19 14:59:17","2025-05-19 14:59:17",NULL,N
1868,"2024-12-16",KRW,미니금 99.99_100g,123700,0.1000,1237.0000,39770.4438,123700.0000,"2025-05-19 14:59:17","2025-05-19 14:59:17",NULL,N
1869,"2024-12-17",KRW,금 99.99_1Kg,123400,1.0000,123.4000,3967.3992,123400.0000,"2025-05-19 14:59:17","2025-05-19 14:59:17",NULL,N
1870,"2024-12-17",KRW,미니금 99.99_100g,124270,0.1000,1242.7000,39953.7030,124270.0000,"2025-05-19 14:59:17","2025-05-19 14:59:17",NULL,N
1871,"2024-12-18",KRW,금 99.99_1Kg,122410,1.0000,122.4100,3935.5700,122410.0000,"2025-05-19 14:59:17","2025-05-19 14:59:17",NULL,N
1872,"2024-12-18",KRW,미니금 99.99_100g,123820,0.1000,1238.2000,39809.0247,123820.0000,"2025-05-19 14:59:17","2025-05-19 14:59:17",NULL,N
1873,"2024-12-19",KRW,금 99.99_1Kg,121950,1.0000,121.9500,3920.7806,121950.0000,"2025-05-19 14:59:17","2025-05-19 14:59:17",NULL,N
1874,"2024-12-19",KRW,미니금 99.99_100g,123170,0.1000,1231.7000,39600.0450,123170.0000,"2025-05-19 14:59:17","2025-05-19 14:59:17",NULL,N
1875,"2024-12-20",KRW,금 99.99_1Kg,122650,1.0000,122.6500,3943.2861,122650.0000,"2025-05-19 14:59:17","2025-05-19 14:59:17",NULL,N
1876,"2024-12-20",KRW,미니금 99.99_100g,123610,0.1000,1236.1000,39741.5082,123610.0000,"2025-05-19 14:59:17","2025-05-19 14:59:17",NULL,N
1877,"2024-12-23",KRW,금 99.99_1Kg,123450,1.0000,123.4500,3969.0067,123450.0000,"2025-05-19 14:59:17","2025-05-19 14:59:17",NULL,N
1878,"2024-12-23",KRW,미니금 99.99_100g,123900,0.1000,1239.0000,39834.7453,123900.0000,"2025-05-19 14:59:17","2025-05-19 14:59:17",NULL,N
1879,"2024-12-24",KRW,금 99.99_1Kg,123890,1.0000,123.8900,3983.1530,123890.0000,"2025-05-19 14:59:17","2025-05-19 14:59:17",NULL,N
1880,"2024-12-24",KRW,미니금 99.99_100g,123990,0.1000,1239.9000,39863.6809,123990.0000,"2025-05-19 14:59:17","2025-05-19 14:59:17",NULL,N
1881,"2024-12-26",KRW,금 99.99_1Kg,125130,1.0000,125.1300,4023.0199,125130.0000,"2025-05-19 14:59:17","2025-05-19 14:59:17",NULL,N
1882,"2024-12-26",KRW,미니금 99.99_100g,125170,0.1000,1251.7000,40243.0595,125170.0000,"2025-05-19 14:59:17","2025-05-19 14:59:17",NULL,N
1883,"2024-12-27",KRW,금 99.99_1Kg,126610,1.0000,126.6100,4070.6030,126610.0000,"2025-05-19 14:59:17","2025-05-19 14:59:17",NULL,N
1884,"2024-12-27",KRW,미니금 99.99_100g,127650,0.1000,1276.5000,41040.3974,127650.0000,"2025-05-19 14:59:17","2025-05-19 14:59:17",NULL,N
1885,"2024-12-30",KRW,금 99.99_1Kg,127850,1.0000,127.8500,4110.4699,127850.0000,"2025-05-19 14:59:17","2025-05-19 14:59:17",NULL,N
1886,"2024-12-30",KRW,미니금 99.99_100g,128420,0.1000,1284.2000,41287.9579,128420.0000,"2025-05-19 14:59:17","2025-05-19 14:59:17",NULL,N
1887,"2025-01-02",KRW,금 99.99_1Kg,128790,1.0000,128.7900,4140.6916,128790.0000,"2025-05-19 14:59:17","2025-05-19 14:59:17",NULL,N
1888,"2025-01-02",KRW,미니금 99.99_100g,129920,0.1000,1299.2000,41770.2188,129920.0000,"2025-05-19 14:59:17","2025-05-19 14:59:17",NULL,N
1889,"2025-01-03",KRW,금 99.99_1Kg,128850,1.0000,128.8500,4142.6206,128850.0000,"2025-05-19 14:59:17","2025-05-19 14:59:17",NULL,N
1890,"2025-01-03",KRW,미니금 99.99_100g,130300,0.1000,1303.0000,41892.3915,130300.0000,"2025-05-19 14:59:17","2025-05-19 14:59:17",NULL,N
1891,"2025-01-06",KRW,금 99.99_1Kg,128590,1.0000,128.5900,4134.2614,128590.0000,"2025-05-19 14:59:17","2025-05-19 14:59:17",NULL,N
1892,"2025-01-06",KRW,미니금 99.99_100g,130900,0.1000,1309.0000,42085.2959,130900.0000,"2025-05-19 14:59:17","2025-05-19 14:59:17",NULL,N
1893,"2025-01-07",KRW,금 99.99_1Kg,127250,1.0000,127.2500,4091.1794,127250.0000,"2025-05-19 14:59:17","2025-05-19 14:59:17",NULL,N
1894,"2025-01-07",KRW,미니금 99.99_100g,130020,0.1000,1300.2000,41802.3695,130020.0000,"2025-05-19 14:59:17","2025-05-19 14:59:17",NULL,N
1895,"2025-01-08",KRW,금 99.99_1Kg,127490,1.0000,127.4900,4098.8956,127490.0000,"2025-05-19 14:59:17","2025-05-19 14:59:17",NULL,N
1896,"2025-01-08",KRW,미니금 99.99_100g,130900,0.1000,1309.0000,42085.2959,130900.0000,"2025-05-19 14:59:17","2025-05-19 14:59:17",NULL,N
1897,"2025-01-09",KRW,금 99.99_1Kg,128380,1.0000,128.3800,4127.5098,128380.0000,"2025-05-19 14:59:17","2025-05-19 14:59:17",NULL,N
1898,"2025-01-09",KRW,미니금 99.99_100g,131870,0.1000,1318.7000,42397.1579,131870.0000,"2025-05-19 14:59:17","2025-05-19 14:59:17",NULL,N
1899,"2025-01-10",KRW,금 99.99_1Kg,129210,1.0000,129.2100,4154.1949,129210.0000,"2025-05-19 14:59:17","2025-05-19 14:59:17",NULL,N
1900,"2025-01-10",KRW,미니금 99.99_100g,132610,0.1000,1326.1000,42635.0732,132610.0000,"2025-05-19 14:59:17","2025-05-19 14:59:17",NULL,N
1901,"2025-01-13",KRW,금 99.99_1Kg,130580,1.0000,130.5800,4198.2414,130580.0000,"2025-05-19 14:59:17","2025-05-19 14:59:17",NULL,N
1902,"2025-01-13",KRW,미니금 99.99_100g,133150,0.1000,1331.5000,42808.6871,133150.0000,"2025-05-19 14:59:17","2025-05-19 14:59:17",NULL,N
1903,"2025-01-14",KRW,금 99.99_1Kg,129730,1.0000,129.7300,4170.9132,129730.0000,"2025-05-19 14:59:17","2025-05-19 14:59:17",NULL,N
1904,"2025-01-14",KRW,미니금 99.99_100g,131110,0.1000,1311.1000,42152.8124,131110.0000,"2025-05-19 14:59:17","2025-05-19 14:59:17",NULL,N
1905,"2025-01-15",KRW,금 99.99_1Kg,129210,1.0000,129.2100,4154.1949,129210.0000,"2025-05-19 14:59:17","2025-05-19 14:59:17",NULL,N
1906,"2025-01-15",KRW,미니금 99.99_100g,130720,0.1000,1307.2000,42027.4246,130720.0000,"2025-05-19 14:59:17","2025-05-19 14:59:17",NULL,N
1907,"2025-01-16",KRW,금 99.99_1Kg,128770,1.0000,128.7700,4140.0485,128770.0000,"2025-05-19 14:59:17","2025-05-19 14:59:17",NULL,N
1908,"2025-01-16",KRW,미니금 99.99_100g,130890,0.1000,1308.9000,42082.0808,130890.0000,"2025-05-19 14:59:17","2025-05-19 14:59:17",NULL,N
1909,"2025-01-17",KRW,금 99.99_1Kg,128920,1.0000,128.9200,4144.8712,128920.0000,"2025-05-19 14:59:17","2025-05-19 14:59:17",NULL,N
1910,"2025-01-17",KRW,미니금 99.99_100g,131500,0.1000,1315.0000,42278.2002,131500.0000,"2025-05-19 14:59:17","2025-05-19 14:59:17",NULL,N
1911,"2025-01-20",KRW,금 99.99_1Kg,128700,1.0000,128.7000,4137.7980,128700.0000,"2025-05-19 14:59:17","2025-05-19 14:59:17",NULL,N
1912,"2025-01-20",KRW,미니금 99.99_100g,130710,0.1000,1307.1000,42024.2095,130710.0000,"2025-05-19 14:59:17","2025-05-19 14:59:17",NULL,N
1913,"2025-01-21",KRW,금 99.99_1Kg,129240,1.0000,129.2400,4155.1594,129240.0000,"2025-05-19 14:59:17","2025-05-19 14:59:17",NULL,N
1914,"2025-01-21",KRW,미니금 99.99_100g,129680,0.1000,1296.8000,41693.0571,129680.0000,"2025-05-19 14:59:17","2025-05-19 14:59:17",NULL,N
1915,"2025-01-22",KRW,금 99.99_1Kg,130080,1.0000,130.0800,4182.1660,130080.0000,"2025-05-19 14:59:17","2025-05-19 14:59:17",NULL,N
1916,"2025-01-22",KRW,미니금 99.99_100g,130500,0.1000,1305.0000,41956.6930,130500.0000,"2025-05-19 14:59:17","2025-05-19 14:59:17",NULL,N
1917,"2025-01-23",KRW,금 99.99_1Kg,129970,1.0000,129.9700,4178.6294,129970.0000,"2025-05-19 14:59:17","2025-05-19 14:59:17",NULL,N
1918,"2025-01-23",KRW,미니금 99.99_100g,130400,0.1000,1304.0000,41924.5423,130400.0000,"2025-05-19 14:59:17","2025-05-19 14:59:17",NULL,N
1919,"2025-01-24",KRW,금 99.99_1Kg,130350,1.0000,130.3500,4190.8467,130350.0000,"2025-05-19 14:59:17","2025-05-19 14:59:17",NULL,N
1920,"2025-01-24",KRW,미니금 99.99_100g,130760,0.1000,1307.6000,42040.2849,130760.0000,"2025-05-19 14:59:17","2025-05-19 14:59:17",NULL,N
1921,"2025-01-31",KRW,금 99.99_1Kg,133200,1.0000,133.2000,4282.4762,133200.0000,"2025-05-19 14:59:17","2025-05-19 14:59:17",NULL,N
1922,"2025-01-31",KRW,미니금 99.99_100g,133310,0.1000,1333.1000,42860.1283,133310.0000,"2025-05-19 14:59:17","2025-05-19 14:59:17",NULL,N
1923,"2025-02-03",KRW,금 99.99_1Kg,138000,1.0000,138.0000,4436.7997,138000.0000,"2025-05-19 14:59:17","2025-05-19 14:59:17",NULL,N
1924,"2025-02-03",KRW,미니금 99.99_100g,135400,0.1000,1354.0000,43532.0784,135400.0000,"2025-05-19 14:59:17","2025-05-19 14:59:17",NULL,N
1925,"2025-02-04",KRW,금 99.99_1Kg,141350,1.0000,141.3500,4544.5046,141350.0000,"2025-05-19 14:59:17","2025-05-19 14:59:17",NULL,N
1926,"2025-02-04",KRW,미니금 99.99_100g,140110,0.1000,1401.1000,45046.3774,140110.0000,"2025-05-19 14:59:17","2025-05-19 14:59:17",NULL,N
1927,"2025-02-05",KRW,금 99.99_1Kg,147820,1.0000,147.8200,4752.5198,147820.0000,"2025-05-19 14:59:17","2025-05-19 14:59:17",NULL,N
1928,"2025-02-05",KRW,미니금 99.99_100g,146400,0.1000,1464.0000,47068.6579,146400.0000,"2025-05-19 14:59:17","2025-05-19 14:59:17",NULL,N
1929,"2025-02-06",KRW,금 99.99_1Kg,146100,1.0000,146.1000,4697.2206,146100.0000,"2025-05-19 14:59:17","2025-05-19 14:59:17",NULL,N
1930,"2025-02-06",KRW,미니금 99.99_100g,145620,0.1000,1456.2000,46817.8822,145620.0000,"2025-05-19 14:59:17","2025-05-19 14:59:17",NULL,N
1931,"2025-02-07",KRW,금 99.99_1Kg,145600,1.0000,145.6000,4681.1452,145600.0000,"2025-05-19 14:59:17","2025-05-19 14:59:17",NULL,N
1932,"2025-02-07",KRW,미니금 99.99_100g,145600,0.1000,1456.0000,46811.4521,145600.0000,"2025-05-19 14:59:17","2025-05-19 14:59:17",NULL,N
1933,"2025-02-10",KRW,금 99.99_1Kg,152800,1.0000,152.8000,4912.6304,152800.0000,"2025-05-19 14:59:17","2025-05-19 14:59:17",NULL,N
1934,"2025-02-10",KRW,미니금 99.99_100g,150000,0.1000,1500.0000,48226.0839,150000.0000,"2025-05-19 14:59:17","2025-05-19 14:59:17",NULL,N
1935,"2025-02-11",KRW,금 99.99_1Kg,159410,1.0000,159.4100,5125.1467,159410.0000,"2025-05-19 14:59:17","2025-05-19 14:59:17",NULL,N
1936,"2025-02-11",KRW,미니금 99.99_100g,156230,0.1000,1562.3000,50229.0739,156230.0000,"2025-05-19 14:59:17","2025-05-19 14:59:17",NULL,N
1937,"2025-02-12",KRW,금 99.99_1Kg,158870,1.0000,158.8700,5107.7853,158870.0000,"2025-05-19 14:59:17","2025-05-19 14:59:17",NULL,N
1938,"2025-02-12",KRW,미니금 99.99_100g,157100,0.1000,1571.0000,50508.7852,157100.0000,"2025-05-19 14:59:17","2025-05-19 14:59:17",NULL,N
1939,"2025-02-13",KRW,금 99.99_1Kg,161990,1.0000,161.9900,5208.0956,161990.0000,"2025-05-19 14:59:17","2025-05-19 14:59:17",NULL,N
1940,"2025-02-13",KRW,미니금 99.99_100g,163300,0.1000,1633.0000,52502.1300,163300.0000,"2025-05-19 14:59:17","2025-05-19 14:59:17",NULL,N
1941,"2025-02-14",KRW,금 99.99_1Kg,163530,1.0000,163.5300,5257.6077,163530.0000,"2025-05-19 14:59:17","2025-05-19 14:59:17",NULL,N
1942,"2025-02-14",KRW,미니금 99.99_100g,168390,0.1000,1683.9000,54138.6018,168390.0000,"2025-05-19 14:59:17","2025-05-19 14:59:17",NULL,N
1943,"2025-02-17",KRW,금 99.99_1Kg,158000,1.0000,158.0000,5079.8142,158000.0000,"2025-05-19 14:59:17","2025-05-19 14:59:17",NULL,N
1944,"2025-02-17",KRW,미니금 99.99_100g,159680,0.1000,1596.8000,51338.2738,159680.0000,"2025-05-19 14:59:17","2025-05-19 14:59:17",NULL,N
1945,"2025-02-18",KRW,금 99.99_1Kg,153090,1.0000,153.0900,4921.9541,153090.0000,"2025-05-19 14:59:17","2025-05-19 14:59:17",NULL,N
1946,"2025-02-18",KRW,미니금 99.99_100g,154000,0.1000,1540.0000,49512.1128,154000.0000,"2025-05-19 14:59:17","2025-05-19 14:59:17",NULL,N
1947,"2025-02-19",KRW,금 99.99_1Kg,149850,1.0000,149.8500,4817.7858,149850.0000,"2025-05-19 14:59:17","2025-05-19 14:59:17",NULL,N
1948,"2025-02-19",KRW,미니금 99.99_100g,153000,0.1000,1530.0000,49190.6056,153000.0000,"2025-05-19 14:59:17","2025-05-19 14:59:17",NULL,N
1949,"2025-02-20",KRW,금 99.99_1Kg,146510,1.0000,146.5100,4710.4024,146510.0000,"2025-05-19 14:59:17","2025-05-19 14:59:17",NULL,N
1950,"2025-02-20",KRW,미니금 99.99_100g,149910,0.1000,1499.1000,48197.1482,149910.0000,"2025-05-19 14:59:17","2025-05-19 14:59:17",NULL,N
1951,"2025-02-21",KRW,금 99.99_1Kg,146570,1.0000,146.5700,4712.3314,146570.0000,"2025-05-19 14:59:17","2025-05-19 14:59:17",NULL,N
1952,"2025-02-21",KRW,미니금 99.99_100g,148900,0.1000,1489.0000,47872.4259,148900.0000,"2025-05-19 14:59:17","2025-05-19 14:59:17",NULL,N
1953,"2025-02-24",KRW,금 99.99_1Kg,145940,1.0000,145.9400,4692.0765,145940.0000,"2025-05-19 14:59:17","2025-05-19 14:59:17",NULL,N
1954,"2025-02-24",KRW,미니금 99.99_100g,148200,0.1000,1482.0000,47647.3709,148200.0000,"2025-05-19 14:59:17","2025-05-19 14:59:17",NULL,N
1955,"2025-02-25",KRW,금 99.99_1Kg,145830,1.0000,145.8300,4688.5399,145830.0000,"2025-05-19 14:59:17","2025-05-19 14:59:17",NULL,N
1956,"2025-02-25",KRW,미니금 99.99_100g,148410,0.1000,1484.1000,47714.8874,148410.0000,"2025-05-19 14:59:17","2025-05-19 14:59:17",NULL,N
1957,"2025-02-26",KRW,금 99.99_1Kg,141520,1.0000,141.5200,4549.9703,141520.0000,"2025-05-19 14:59:17","2025-05-19 14:59:17",NULL,N
1958,"2025-02-26",KRW,미니금 99.99_100g,145600,0.1000,1456.0000,46811.4521,145600.0000,"2025-05-19 14:59:17","2025-05-19 14:59:17",NULL,N
1959,"2025-02-27",KRW,금 99.99_1Kg,138310,1.0000,138.3100,4446.7664,138310.0000,"2025-05-19 14:59:17","2025-05-19 14:59:17",NULL,N
1960,"2025-02-27",KRW,미니금 99.99_100g,142700,0.1000,1427.0000,45879.0811,142700.0000,"2025-05-19 14:59:17","2025-05-19 14:59:17",NULL,N
1961,"2025-02-28",KRW,금 99.99_1Kg,139030,1.0000,139.0300,4469.9150,139030.0000,"2025-05-19 14:59:17","2025-05-19 14:59:17",NULL,N
1962,"2025-02-28",KRW,미니금 99.99_100g,147740,0.1000,1477.4000,47499.4776,147740.0000,"2025-05-19 14:59:17","2025-05-19 14:59:17",NULL,N
1963,"2025-03-04",KRW,금 99.99_1Kg,142740,1.0000,142.7400,4589.1941,142740.0000,"2025-05-19 14:59:17","2025-05-19 14:59:17",NULL,N
1964,"2025-03-04",KRW,미니금 99.99_100g,154230,0.1000,1542.3000,49586.0594,154230.0000,"2025-05-19 14:59:17","2025-05-19 14:59:17",NULL,N
1965,"2025-03-05",KRW,금 99.99_1Kg,144600,1.0000,144.6000,4648.9945,144600.0000,"2025-05-19 14:59:17","2025-05-19 14:59:17",NULL,N
1966,"2025-03-05",KRW,미니금 99.99_100g,155930,0.1000,1559.3000,50132.6217,155930.0000,"2025-05-19 14:59:17","2025-05-19 14:59:17",NULL,N
1967,"2025-03-06",KRW,금 99.99_1Kg,143740,1.0000,143.7400,4621.3449,143740.0000,"2025-05-19 14:59:17","2025-05-19 14:59:17",NULL,N
1968,"2025-03-06",KRW,미니금 99.99_100g,154150,0.1000,1541.5000,49560.3389,154150.0000,"2025-05-19 14:59:17","2025-05-19 14:59:17",NULL,N
1969,"2025-03-07",KRW,금 99.99_1Kg,139800,1.0000,139.8000,4494.6710,139800.0000,"2025-05-19 14:59:17","2025-05-19 14:59:17",NULL,N
1970,"2025-03-07",KRW,미니금 99.99_100g,145090,0.1000,1450.9000,46647.4834,145090.0000,"2025-05-19 14:59:17","2025-05-19 14:59:17",NULL,N
1971,"2025-03-10",KRW,금 99.99_1Kg,139880,1.0000,139.8800,4497.2431,139880.0000,"2025-05-19 14:59:17","2025-05-19 14:59:17",NULL,N
1972,"2025-03-10",KRW,미니금 99.99_100g,143980,0.1000,1439.8000,46290.6104,143980.0000,"2025-05-19 14:59:17","2025-05-19 14:59:17",NULL,N
1973,"2025-03-11",KRW,금 99.99_1Kg,138670,1.0000,138.6700,4458.3407,138670.0000,"2025-05-19 14:59:17","2025-05-19 14:59:17",NULL,N
1974,"2025-03-11",KRW,미니금 99.99_100g,140850,0.1000,1408.5000,45284.2928,140850.0000,"2025-05-19 14:59:17","2025-05-19 14:59:17",NULL,N
1975,"2025-03-12",KRW,금 99.99_1Kg,138690,1.0000,138.6900,4458.9837,138690.0000,"2025-05-19 14:59:17","2025-05-19 14:59:17",NULL,N
1976,"2025-03-12",KRW,미니금 99.99_100g,141400,0.1000,1414.0000,45461.1217,141400.0000,"2025-05-19 14:59:17","2025-05-19 14:59:17",NULL,N
1977,"2025-03-13",KRW,금 99.99_1Kg,139510,1.0000,139.5100,4485.3473,139510.0000,"2025-05-19 14:59:17","2025-05-19 14:59:17",NULL,N
1978,"2025-03-13",KRW,미니금 99.99_100g,141390,0.1000,1413.9000,45457.9067,141390.0000,"2025-05-19 14:59:17","2025-05-19 14:59:17",NULL,N
1979,"2025-03-14",KRW,금 99.99_1Kg,141000,1.0000,141.0000,4533.2519,141000.0000,"2025-05-19 14:59:17","2025-05-19 14:59:17",NULL,N
1980,"2025-03-14",KRW,미니금 99.99_100g,143530,0.1000,1435.3000,46145.9321,143530.0000,"2025-05-19 14:59:17","2025-05-19 14:59:17",NULL,N
1981,"2025-03-17",KRW,금 99.99_1Kg,140480,1.0000,140.4800,4516.5335,140480.0000,"2025-05-19 14:59:17","2025-05-19 14:59:17",NULL,N
1982,"2025-03-17",KRW,미니금 99.99_100g,142090,0.1000,1420.9000,45682.9617,142090.0000,"2025-05-19 14:59:17","2025-05-19 14:59:17",NULL,N
1983,"2025-03-18",KRW,금 99.99_1Kg,142330,1.0000,142.3300,4576.0123,142330.0000,"2025-05-19 14:59:17","2025-05-19 14:59:17",NULL,N
1984,"2025-03-18",KRW,미니금 99.99_100g,143200,0.1000,1432.0000,46039.8347,143200.0000,"2025-05-19 14:59:17","2025-05-19 14:59:17",NULL,N
1985,"2025-03-19",KRW,금 99.99_1Kg,143510,1.0000,143.5100,4613.9502,143510.0000,"2025-05-19 14:59:17","2025-05-19 14:59:17",NULL,N
1986,"2025-03-19",KRW,미니금 99.99_100g,143790,0.1000,1437.9000,46229.5240,143790.0000,"2025-05-19 14:59:17","2025-05-19 14:59:17",NULL,N
1987,"2025-03-20",KRW,금 99.99_1Kg,144230,1.0000,144.2300,4637.0987,144230.0000,"2025-05-19 14:59:17","2025-05-19 14:59:17",NULL,N
1988,"2025-03-20",KRW,미니금 99.99_100g,144540,0.1000,1445.4000,46470.6544,144540.0000,"2025-05-19 14:59:17","2025-05-19 14:59:17",NULL,N
1989,"2025-03-21",KRW,금 99.99_1Kg,143630,1.0000,143.6300,4617.8083,143630.0000,"2025-05-19 14:59:17","2025-05-19 14:59:17",NULL,N
1990,"2025-03-21",KRW,미니금 99.99_100g,144040,0.1000,1440.4000,46309.9008,144040.0000,"2025-05-19 14:59:17","2025-05-19 14:59:17",NULL,N
1991,"2025-03-24",KRW,금 99.99_1Kg,143260,1.0000,143.2600,4605.9125,143260.0000,"2025-05-19 14:59:17","2025-05-19 14:59:17",NULL,N
1992,"2025-03-24",KRW,미니금 99.99_100g,143430,0.1000,1434.3000,46113.7814,143430.0000,"2025-05-19 14:59:17","2025-05-19 14:59:17",NULL,N
1993,"2025-03-25",KRW,금 99.99_1Kg,142940,1.0000,142.9400,4595.6243,142940.0000,"2025-05-19 14:59:17","2025-05-19 14:59:17",NULL,N
1994,"2025-03-25",KRW,미니금 99.99_100g,143250,0.1000,1432.5000,46055.9101,143250.0000,"2025-05-19 14:59:17","2025-05-19 14:59:17",NULL,N
1995,"2025-03-26",KRW,금 99.99_1Kg,142910,1.0000,142.9100,4594.6598,142910.0000,"2025-05-19 14:59:17","2025-05-19 14:59:17",NULL,N
1996,"2025-03-26",KRW,미니금 99.99_100g,143390,0.1000,1433.9000,46100.9211,143390.0000,"2025-05-19 14:59:17","2025-05-19 14:59:17",NULL,N
1997,"2025-03-27",KRW,금 99.99_1Kg,143420,1.0000,143.4200,4611.0566,143420.0000,"2025-05-19 14:59:17","2025-05-19 14:59:17",NULL,N
1998,"2025-03-27",KRW,미니금 99.99_100g,143780,0.1000,1437.8000,46226.3089,143780.0000,"2025-05-19 14:59:17","2025-05-19 14:59:17",NULL,N
1999,"2025-03-28",KRW,금 99.99_1Kg,145550,1.0000,145.5500,4679.5377,145550.0000,"2025-05-19 14:59:17","2025-05-19 14:59:17",NULL,N
2000,"2025-03-28",KRW,미니금 99.99_100g,145670,0.1000,1456.7000,46833.9576,145670.0000,"2025-05-19 14:59:17","2025-05-19 14:59:17",NULL,N
2001,"2025-03-31",KRW,금 99.99_1Kg,149000,1.0000,149.0000,4790.4577,149000.0000,"2025-05-19 14:59:17","2025-05-19 14:59:17",NULL,N
2002,"2025-03-31",KRW,미니금 99.99_100g,148700,0.1000,1487.0000,47808.1245,148700.0000,"2025-05-19 14:59:17","2025-05-19 14:59:17",NULL,N
2003,"2025-04-01",KRW,금 99.99_1Kg,149390,1.0000,149.3900,4802.9964,149390.0000,"2025-05-19 14:59:17","2025-05-19 14:59:17",NULL,N
2004,"2025-04-01",KRW,미니금 99.99_100g,149840,0.1000,1498.4000,48174.6427,149840.0000,"2025-05-19 14:59:17","2025-05-19 14:59:17",NULL,N
2005,"2025-04-02",KRW,금 99.99_1Kg,147380,1.0000,147.3800,4738.3735,147380.0000,"2025-05-19 14:59:17","2025-05-19 14:59:17",NULL,N
2006,"2025-04-02",KRW,미니금 99.99_100g,147930,0.1000,1479.3000,47560.5639,147930.0000,"2025-05-19 14:59:17","2025-05-19 14:59:17",NULL,N
2007,"2025-04-03",KRW,금 99.99_1Kg,148000,1.0000,148.0000,4758.3069,148000.0000,"2025-05-19 14:59:17","2025-05-19 14:59:17",NULL,N
2008,"2025-04-03",KRW,미니금 99.99_100g,148100,0.1000,1481.0000,47615.2202,148100.0000,"2025-05-19 14:59:17","2025-05-19 14:59:17",NULL,N
2009,"2025-04-04",KRW,금 99.99_1Kg,143990,1.0000,143.9900,4629.3825,143990.0000,"2025-05-19 14:59:17","2025-05-19 14:59:17",NULL,N
2010,"2025-04-04",KRW,미니금 99.99_100g,144670,0.1000,1446.7000,46512.4504,144670.0000,"2025-05-19 14:59:17","2025-05-19 14:59:17",NULL,N
2011,"2025-04-07",KRW,금 99.99_1Kg,142400,1.0000,142.4000,4578.2629,142400.0000,"2025-05-19 14:59:17","2025-05-19 14:59:17",NULL,N
2012,"2025-04-07",KRW,미니금 99.99_100g,143200,0.1000,1432.0000,46039.8347,143200.0000,"2025-05-19 14:59:17","2025-05-19 14:59:17",NULL,N
2013,"2025-04-08",KRW,금 99.99_1Kg,142850,1.0000,142.8500,4592.7307,142850.0000,"2025-05-19 14:59:17","2025-05-19 14:59:17",NULL,N
2014,"2025-04-08",KRW,미니금 99.99_100g,143770,0.1000,1437.7000,46223.0939,143770.0000,"2025-05-19 14:59:17","2025-05-19 14:59:17",NULL,N
2015,"2025-04-09",KRW,금 99.99_1Kg,144600,1.0000,144.6000,4648.9945,144600.0000,"2025-05-19 14:59:17","2025-05-19 14:59:17",NULL,N
2016,"2025-04-09",KRW,미니금 99.99_100g,145970,0.1000,1459.7000,46930.4098,145970.0000,"2025-05-19 14:59:17","2025-05-19 14:59:17",NULL,N
2017,"2025-04-10",KRW,금 99.99_1Kg,146500,1.0000,146.5000,4710.0809,146500.0000,"2025-05-19 14:59:17","2025-05-19 14:59:17",NULL,N
2018,"2025-04-10",KRW,미니금 99.99_100g,147670,0.1000,1476.7000,47476.9720,147670.0000,"2025-05-19 14:59:17","2025-05-19 14:59:17",NULL,N
2019,"2025-04-11",KRW,금 99.99_1Kg,149080,1.0000,149.0800,4793.0297,149080.0000,"2025-05-19 14:59:17","2025-05-19 14:59:17",NULL,N
2020,"2025-04-11",KRW,미니금 99.99_100g,149400,0.1000,1494.0000,48033.1795,149400.0000,"2025-05-19 14:59:17","2025-05-19 14:59:17",NULL,N
2021,"2025-04-14",KRW,금 99.99_1Kg,148400,1.0000,148.4000,4771.1672,148400.0000,"2025-05-19 14:59:17","2025-05-19 14:59:17",NULL,N
2022,"2025-04-14",KRW,미니금 99.99_100g,149230,0.1000,1492.3000,47978.5233,149230.0000,"2025-05-19 14:59:17","2025-05-19 14:59:17",NULL,N
2023,"2025-04-15",KRW,금 99.99_1Kg,148250,1.0000,148.2500,4766.3446,148250.0000,"2025-05-19 14:59:17","2025-05-19 14:59:17",NULL,N
2024,"2025-04-15",KRW,미니금 99.99_100g,148640,0.1000,1486.4000,47788.8341,148640.0000,"2025-05-19 14:59:17","2025-05-19 14:59:17",NULL,N
2025,"2025-04-16",KRW,금 99.99_1Kg,151030,1.0000,151.0300,4855.7236,151030.0000,"2025-05-19 14:59:17","2025-05-19 14:59:17",NULL,N
2026,"2025-04-16",KRW,미니금 99.99_100g,150860,0.1000,1508.6000,48502.5801,150860.0000,"2025-05-19 14:59:17","2025-05-19 14:59:17",NULL,N
2027,"2025-04-17",KRW,금 99.99_1Kg,152050,1.0000,152.0500,4888.5174,152050.0000,"2025-05-19 14:59:17","2025-05-19 14:59:17",NULL,N
2028,"2025-04-17",KRW,미니금 99.99_100g,152440,0.1000,1524.4000,49010.5615,152440.0000,"2025-05-19 14:59:17","2025-05-19 14:59:17",NULL,N
2029,"2025-04-18",KRW,금 99.99_1Kg,152260,1.0000,152.2600,4895.2690,152260.0000,"2025-05-19 14:59:17","2025-05-19 14:59:17",NULL,N
2030,"2025-04-18",KRW,미니금 99.99_100g,152680,0.1000,1526.8000,49087.7232,152680.0000,"2025-05-19 14:59:17","2025-05-19 14:59:17",NULL,N
2031,"2025-04-21",KRW,금 99.99_1Kg,154820,1.0000,154.8200,4977.5749,154820.0000,"2025-05-19 14:59:17","2025-05-19 14:59:17",NULL,N
2032,"2025-04-21",KRW,미니금 99.99_100g,155220,0.1000,1552.2000,49904.3516,155220.0000,"2025-05-19 14:59:17","2025-05-19 14:59:17",NULL,N
2033,"2025-04-22",KRW,금 99.99_1Kg,159390,1.0000,159.3900,5124.5037,159390.0000,"2025-05-19 14:59:17","2025-05-19 14:59:17",NULL,N
2034,"2025-04-22",KRW,미니금 99.99_100g,159430,0.1000,1594.3000,51257.8970,159430.0000,"2025-05-19 14:59:17","2025-05-19 14:59:17",NULL,N
2035,"2025-04-23",KRW,금 99.99_1Kg,152380,1.0000,152.3800,4899.1271,152380.0000,"2025-05-19 14:59:17","2025-05-19 14:59:17",NULL,N
2036,"2025-04-23",KRW,미니금 99.99_100g,152820,0.1000,1528.2000,49132.7343,152820.0000,"2025-05-19 14:59:17","2025-05-19 14:59:17",NULL,N
2037,"2025-04-24",KRW,금 99.99_1Kg,153700,1.0000,153.7000,4941.5661,153700.0000,"2025-05-19 14:59:17","2025-05-19 14:59:17",NULL,N
2038,"2025-04-24",KRW,미니금 99.99_100g,153890,0.1000,1538.9000,49476.7470,153890.0000,"2025-05-19 14:59:17","2025-05-19 14:59:17",NULL,N
2039,"2025-04-25",KRW,금 99.99_1Kg,152940,1.0000,152.9400,4917.1315,152940.0000,"2025-05-19 14:59:17","2025-05-19 14:59:17",NULL,N
2040,"2025-04-25",KRW,미니금 99.99_100g,153190,0.1000,1531.9000,49251.6919,153190.0000,"2025-05-19 14:59:17","2025-05-19 14:59:17",NULL,N
2041,"2025-04-28",KRW,금 99.99_1Kg,152790,1.0000,152.7900,4912.3089,152790.0000,"2025-05-19 14:59:17","2025-05-19 14:59:17",NULL,N
2042,"2025-04-28",KRW,미니금 99.99_100g,153210,0.1000,1532.1000,49258.1221,153210.0000,"2025-05-19 14:59:17","2025-05-19 14:59:17",NULL,N
2043,"2025-04-29",KRW,금 99.99_1Kg,153310,1.0000,153.3100,4929.0273,153310.0000,"2025-05-19 14:59:17","2025-05-19 14:59:17",NULL,N
2044,"2025-04-29",KRW,미니금 99.99_100g,153450,0.1000,1534.5000,49335.2838,153450.0000,"2025-05-19 14:59:17","2025-05-19 14:59:17",NULL,N
2045,"2025-04-30",KRW,금 99.99_1Kg,151800,1.0000,151.8000,4880.4797,151800.0000,"2025-05-19 14:59:17","2025-05-19 14:59:17",NULL,N
2046,"2025-04-30",KRW,미니금 99.99_100g,152110,0.1000,1521.1000,48904.4641,152110.0000,"2025-05-19 14:59:17","2025-05-19 14:59:17",NULL,N
